4875 6109
2309 659 2440 745 12

457 937 782 997 versas
840 933 1119 1021 supra
1178 905 1530 1021 planum
1595 904 2082 991 medianum
2140 910 2605 1023 corporis,
2676 910 3018 998 velutsi
3093 915 3479 1030 exempli
3568 919 3871 1034 gratia
3960 920 4343 1008 dextera

453 1072 926 1160 subclavia
1003 1095 1058 1155 a
1134 1067 1510 1153 sinistra
1586 1074 1846 1181 parte
1905 1068 2568 1181 proficiscitur,
2652 1099 2771 1157 ex
2834 1074 3288 1188 probabili
3349 1104 3624 1165 causa
3681 1091 4103 1196 repetere
4170 1110 4343 1170 non

453 1260 970 1354 possumuS‚
1049 1230 1223 1315 nisi
1297 1230 1473 1315 hoc
1545 1229 2003 1340 sumimus,
2098 1230 2345 1317 forte
2444 1231 2759 1317 folium
2838 1237 3407 1323 vasculosum
3492 1267 3656 1355 per
3729 1245 4342 1360 exceptionem

454 1411 624 1488 tam
704 1406 1044 1483 :nature
1118 1394 1280 1478 iam
1361 1390 1804 1477 formasse
1890 1390 2292 1506 parietes
2361 1393 2945 1507 vasculosaS‚
3026 1405 3128 1484 ut
3184 1399 3573 1489 laciniae
3645 1414 4008 1517 aortae,
4086 1408 4345 1493 cuius

455 1587 726 1651 arcus
803 1557 1215 1673 primitus
1291 1581 1467 1639 non
1547 1552 1917 1666 oblique
1995 1553 2080 1638 in
2157 1554 2540 1641 thorace
2596 1558 3081 1670 superiore
3149 1586 3208 1647 a
3267 1562 3655 1651 dextera
3712 1566 3831 1653 ad
3890 1567 4341 1655 sinistram

455 1725 621 1813 sed
681 1722 1030 1809 directe
1087 1719 1202 1805 ab
1261 1716 1562 1804 antica
1615 1715 1734 1801 ad
1797 1714 2390 1829 posteriorem
2472 1726 2812 1831 partem
2886 1747 3389 1810 conversus
3448 1734 3689 1838 erat,
3748 1728 3954 1815 loca
4012 1730 4345 1845 quibus

455 1892 546 1977 in
641 1892 978 1974 aortam
1069 1880 1459 1966 influunt
1550 1903 1725 1964 non
1820 1875 1984 1963 iam
2083 1905 2445 1965 movere
2534 1905 2831 1995 neque
2937 1881 3302 1970 solitum
3397 1886 3796 1975 ordinem
3899 1917 4347 2008 occupare

459 2049 837 2169 possint.

744 2211 850 2298 Si
924 2208 1130 2322 quis
1209 2210 1636 2321 quaerat,
1715 2228 1914 2287 num
1982 2201 2174 2288 ulla
2231 2202 2696 2289 aberratio
2756 2202 2877 2290 iis
2931 2202 3626 2296 formationibus
3684 2210 4347 2305 adnumeranda

457 2380 583 2465 sit
653 2400 888 2490 quae
965 2397 1085 2456 ex
1145 2366 1528 2453 inhibita
1587 2362 2114 2450 evolutione
2176 2363 2629 2478 prodeunt
2704 2364 3698 2492 (Hemmungsbildung
3754 2385 4169 2489 vocant),
4229 2408 4349 2467 ex

457 2532 1204 2629 antecedentibus
1261 2529 1426 2616 iam
1487 2534 1871 2641 apparet
1927 2526 2102 2611 hoc
2164 2524 2432 2639 plane
2490 2526 2988 2644 negandum
3050 2554 3283 2617 esse.
3393 2530 3677 2637 Quum
3721 2537 3944 2624 enim
4004 2538 4348 2629 formae

456 2699 991 2792 arteriarum
1050 2693 1306 2781 nulla
1378 2689 1565 2778 alia
1621 2716 1723 2776 re
1782 2687 2466 2805 configar-entur
2542 2685 2727 2773 nisi
2785 2690 3107 2804 partim
3165 2690 3548 2807 impulsu
3610 2700 4083 2818 sanguinis
4136 2701 4346 2790 for-

457 2862 797 2971 mandi,
868 2857 1036 2973 ‘qui
1111 2856 1352 2941 inter
1424 2851 1607 2937 duo
1680 2847 2127 2967 germinis
2186 2847 2418 2935 folia
2478 2848 2816 2964 ubique
2872 2849 3283 2940 defluere
3346 2855 3621 2970 petit,
3678 2862 4002 2973 partim
4059 2863 4348 2954 forma

459 3048 998 3145 organorum
1060 3025 1326 3106 extra
1383 3012 1696 3102 folium
1772 3010 2342 3099 vasculosum
2421 3018 2871 3122 ortorum,
2948 3041 3211 3128 quum
3289 3016 3581 3134 igitur
3646 3048 4065 3111 vasorum
4142 3027 4348 3115 for·-

458 3188 726 3277 matio
801 3183 1136 3295 ubique
1212 3201 1330 3265 ex
1386 3174 1733 3289 alienis
1813 3173 2089 3260 rebus
2148 3170 2582 3287 pendeat,
2641 3171 2855 3260 ideo
2913 3201 3356 3290 nunquam
3418 3206 3582 3293 per
3637 3208 3742 3267 se
3805 3186 4082 3299 ipsam
4143 3199 4344 3276 tur-

458 3349 660 3440 bari
723 3352 1078 3463 potest,
1157 3340 1332 3427 nisi
1406 3365 1685 3427 causa
1763 3345 1858 3424 et
1923 3335 2168 3423 ratio
2246 3333 2817 3421 formationis
2889 3333 3099 3421 folii
3155 3340 3620 3426 vasculosi
3681 3343 3775 3429 iu
3834 3347 4347 3438 universnm

458 3513 929 3618 turbaturt,
989 3503 1154 3591 sed
1216 3500 1620 3588 turbatio
1681 3497 1961 3585 omnis
2019 3495 2229 3581 folii
2300 3493 2595 3609 ipsius
2650 3497 3120 3583 vasculosi
3195 3526 3369 3584 non
3444 3501 3962 3595 ludationes
4033 3512 4125 3598 in
4181 3513 4349 3600 de·-

458 3700 729 3765 cursu
807 3668 1341 3759 arteriarum
1415 3669 1715 3772 creat,
1790 3657 1950 3746 sed
2039 3656 2341 3774 potius
2415 3655 2724 3743 irritat
2808 3667 3082 3745 totam
3165 3662 3766 3752 evolutionem
3827 3669 4136 3761 foetus
4192 3686 4349 3763 aut

459 3863 840 3954 prorsus
898 3831 1174 3920 tol-lit.

745 3997 925 4084 His
982 3994 1099 4080 de
1159 3991 1460 4079 causis
1518 4015 1630 4075 ea
1685 4010 2047 4101 quoque
2106 3979 2557 4068 sententia
2613 3980 2858 4069 falsa
2914 3982 3332 4072 habenda
3388 3997 3575 4097 est,
3638 4017 3869 4103 qnae
3928 3995 4351 4085 similitu-

460 4164 747 4249 dinem
823 4159 1063 4244 inter
1137 4152 1564 4269 quasdam
1637 4148 2168 4236 arteriarum
2241 4143 2871 4231 aberrationes
2948 4172 3003 4231 a
3083 4146 3361 4234 solita
3438 4150 3875 4239 hominum
3953 4157 4352 4244 circula·-

466 4325 711 4411 tione
772 4329 866 4409 et
924 4318 1404 4435 regulares
1462 4310 2046 4398 formationes
2107 4305 2660 4420 quorundam
2722 4306 3219 4393 animalium
3278 4309 3410 4395 ita
3470 4310 4061 4429 interpretari
4116 4318 4352 4427 vult,

463 4485 727 4596 quasi
786 4484 1067 4570 certis
1127 4474 1681 4566 evolutionis
1738 4469 2290 4584 temporibus
2349 4467 2553 4553 sive
2619 4467 3027 4581 periodis
3085 4468 3430 4557 formae
3488 4475 4117 4563 circulatiouis
4174 4478 4353 4563 hu-

462 4669 765 4731 manae
822 4640 1355 4758 quibusdam
1411 4636 1779 4745 formis,
1851 4659 2084 4746 quae
2160 4628 2401 4744 apud
2484 4627 2900 4715 animalia
2957 4629 3592 4745 inveniuntur,
3652 4635 3993 4724 similes
4049 4648 4355 4727 essent

464 4819 555 4891 ct
620 4805 786 4891 hac
852 4804 1188 4891 Fur-mac
1252 4799 1620 4915 proprie
1680 4802 2252 4883 transeuntes
2308 4788 2917 4903 explicatione
2981 4785 3102 4875 ad'
3161 4792 3413 4879 finem
3481 4823 3649 4879 nun
3709 4798 4145 4911 perducta
4193 4831 4357 4915 per

464 4979 732 5055 lolam
797 4967 1064 5051 vilan:
1132 4967 1444 5079 (quasi
1512 4955 2601 5071 llenunungffihililungen)
2669 4965 3281 5063 permanentes
3349 4959 3541 5039 fieri
3613 4971 4005 5071 possent.

748 5127 1028 5215 Certe
1092 5139 1480 5235 constat,
1540 5123 1780 5235 apud
1844 5119 2240 5203 homines
2300 5111 3017 5199 distributionem
3085 5143 3585 5231 magnarum
3646 5119 4057 5231 >stirpium
4101 5131 4349 5207 arlac-

468 5295 788 5379 riarum
872 5291 1392 5403 saepissime
1472 5316 1580 5371 en
1664 5283 1920 5371 mffllu
2000 5275 2473 5379 immutari„
2569 5283 2665 5355 ut
2765 5275 3045 5363 variis
3145 5275 3945 5363 distributionibus
4037 5279 4357 5367 dit-nr-

464 5483 752 5539 surnm
836 5451 1332 5539 *annianalimn
1412 5451 1728 5535 &inutilis
1808 5447 1992 5531 fiat.
2132 5441 2487 5527 Alveru
2589 5435 2765 5523 lwe
2857 5439 3225 5527 maxime
3325 5439 3725 5527 ostendit
3821 5439 4357 5527 arteriarum,

846 5814 2735 6079 —mafi
2758 5899 2768 5900 ἶ
2814 5891 2824 5892 7
2953 5911 2957 5916 Ι

2978 5921 2990 5931 Ὁ

3484 5720 3762 5791 Qum
3792 5720 3864 5791 by
3887 5640 4458 5833 Google
