<?xml version="1.0" encoding="UTF-8"?>
<!DOCTYPE html PUBLIC "-//W3C//DTD XHTML 1.0 Transitional//EN"
    "http://www.w3.org/TR/xhtml1/DTD/xhtml1-transitional.dtd">
<html xmlns="http://www.w3.org/1999/xhtml" xml:lang="en" lang="en">
 <head>
  <title>
</title>
<meta http-equiv="Content-Type" content="text/html;charset=utf-8" />
  <meta name='ocr-system' content='tesseract 3.04.00' />
  <meta name='ocr-capabilities' content='ocr_page ocr_carea ocr_par ocr_line ocrx_word'/>
</head>
<body>
  <div class='ocr_page' id='page_1' title='image "./tractatusdeille00fickgoog_0017.png"; bbox 0 0 4875 6109; ppageno 0'>
   <div class='ocr_carea' id='block_1_1' title="bbox 2371 680 2438 765">
    <p class='ocr_par' dir='ltr' id='par_1_1' title="bbox 2371 680 2438 765">
     <span class='ocr_line' id='line_1_1' title="bbox 2371 680 2438 765; baseline 0 0"><span class='ocrx_word' id='word_1_1' title='bbox 2371 680 2438 765; x_wconf 80' lang='lat'>9</span> 
     </span>
    </p>
   </div>
   <div class='ocr_carea' id='block_1_2' title="bbox 2167 798 2654 811">
    <p class='ocr_par' dir='ltr' id='par_1_2' title="bbox 2167 798 2654 811">
     <span class='ocr_line' id='line_1_2' title="bbox 2167 798 2654 811; baseline 0 5298"><span class='ocrx_word' id='word_1_2' title='bbox 2167 798 2654 811; x_wconf 95' lang='lat' dir='ltr'><strong> </strong></span> 
     </span>
    </p>
   </div>
   <div class='ocr_carea' id='block_1_3' title="bbox 473 923 4409 5587">
    <p class='ocr_par' dir='ltr' id='par_1_3' title="bbox 473 923 4393 3968">
     <span class='ocr_line' id='line_1_3' title="bbox 473 923 4357 1049; baseline -0.002 -32"><span class='ocrx_word' id='word_1_3' title='bbox 473 930 858 1021; x_wconf 76' lang='lat' dir='ltr'><strong>laciniae</strong></span> <span class='ocrx_word' id='word_1_4' title='bbox 917 932 1090 1020; x_wconf 90' lang='lat' dir='ltr'><strong>sibi</strong></span> <span class='ocrx_word' id='word_1_5' title='bbox 1156 931 1744 1049; x_wconf 75' lang='lat' dir='ltr'><strong>propinquae,</strong></span> <span class='ocrx_word' id='word_1_6' title='bbox 1805 958 2038 1045; x_wconf 81' lang='lat' dir='ltr'><strong>quae</strong></span> <span class='ocrx_word' id='word_1_7' title='bbox 2099 958 2215 1017; x_wconf 86' lang='lat' dir='ltr'><strong>ex</strong></span> <span class='ocrx_word' id='word_1_8' title='bbox 2273 930 2578 1017; x_wconf 87' lang='lat' dir='ltr'><strong>eadem</strong></span> <span class='ocrx_word' id='word_1_9' title='bbox 2642 924 3115 1042; x_wconf 78' lang='lat' dir='ltr'>sanguinis</span> <span class='ocrx_word' id='word_1_10' title='bbox 3167 923 3323 1010; x_wconf 84' lang='lat' dir='ltr'><strong>via</strong></span> <span class='ocrx_word' id='word_1_11' title='bbox 3380 932 3812 1038; x_wconf 80' lang='lat' dir='ltr'><strong>tamquam</strong></span> <span class='ocrx_word' id='word_1_12' title='bbox 3870 923 4085 1009; x_wconf 88' lang='lat' dir='ltr'><strong>rami</strong></span> <span class='ocrx_word' id='word_1_13' title='bbox 4134 948 4357 1038; x_wconf 88' lang='lat' dir='ltr'><strong>pro·-</strong></span> 
     </span>
     <span class='ocr_line' id='line_1_4' title="bbox 476 1086 4349 1211; baseline -0.002 -31"><span class='ocrx_word' id='word_1_14' title='bbox 476 1094 800 1207; x_wconf 88' lang='lat' dir='ltr'><strong>deunt,</strong></span> <span class='ocrx_word' id='word_1_15' title='bbox 879 1123 1111 1183; x_wconf 90' lang='lat' dir='ltr'><strong>nunc</strong></span> <span class='ocrx_word' id='word_1_16' title='bbox 1185 1104 1670 1211; x_wconf 72' lang='lat' dir='ltr'><strong>separatae</strong></span> <span class='ocrx_word' id='word_1_17' title='bbox 1741 1120 1975 1179; x_wconf 88' lang='lat' dir='ltr'><strong>nunc</strong></span> <span class='ocrx_word' id='word_1_18' title='bbox 2054 1093 2168 1179; x_wconf 91' lang='lat' dir='ltr'><strong>ad</strong></span> <span class='ocrx_word' id='word_1_19' title='bbox 2231 1116 2605 1208; x_wconf 85' lang='lat' dir='ltr'><strong>parvum</strong></span> <span class='ocrx_word' id='word_1_20' title='bbox 2666 1088 3047 1204; x_wconf 89' lang='lat' dir='ltr'><strong>spatium</strong></span> <span class='ocrx_word' id='word_1_21' title='bbox 3106 1086 3197 1171; x_wconf 91' lang='lat' dir='ltr'><strong>in</strong></span> <span class='ocrx_word' id='word_1_22' title='bbox 3262 1093 3583 1176; x_wconf 88' lang='lat' dir='ltr'><strong>trunco</strong></span> <span class='ocrx_word' id='word_1_23' title='bbox 3642 1086 4068 1173; x_wconf 88' lang='lat' dir='ltr'><strong>communi</strong></span> <span class='ocrx_word' id='word_1_24' title='bbox 4128 1112 4349 1173; x_wconf 87' lang='lat' dir='ltr'><strong>con-</strong></span> 
     </span>
     <span class='ocr_line' id='line_1_5' title="bbox 473 1246 4365 1374; baseline -0.003 -32"><span class='ocrx_word' id='word_1_25' title='bbox 473 1258 832 1345; x_wconf 88' lang='lat' dir='ltr'><strong>iunctae</strong></span> <span class='ocrx_word' id='word_1_26' title='bbox 877 1260 1468 1374; x_wconf 85' lang='lat' dir='ltr'><strong>proveniunt:</strong></span> <span class='ocrx_word' id='word_1_27' title='bbox 1533 1280 1914 1372; x_wconf 86' lang='lat' dir='ltr'><strong>prorsus</strong></span> <span class='ocrx_word' id='word_1_28' title='bbox 1978 1257 2406 1341; x_wconf 89' lang='lat' dir='ltr'><strong>immerito</strong></span> <span class='ocrx_word' id='word_1_29' title='bbox 2468 1254 2760 1339; x_wconf 89' lang='lat' dir='ltr'><strong>altera</strong></span> <span class='ocrx_word' id='word_1_30' title='bbox 2822 1249 3209 1365; x_wconf 85' lang='lat' dir='ltr'><strong>originis</strong></span> <span class='ocrx_word' id='word_1_31' title='bbox 3262 1246 3554 1335; x_wconf 76' lang='lat' dir='ltr'><strong>forma</strong></span> <span class='ocrx_word' id='word_1_32' title='bbox 3608 1248 4011 1366; x_wconf 86' lang='lat' dir='ltr'><strong>legitima</strong></span> <span class='ocrx_word' id='word_1_33' title='bbox 4068 1248 4365 1334; x_wconf 85' lang='lat' dir='ltr'><strong>altera</strong></span> 
     </span>
     <span class='ocr_line' id='line_1_6' title="bbox 477 1409 4367 1537; baseline -0.003 -32"><span class='ocrx_word' id='word_1_34' title='bbox 477 1419 950 1537; x_wconf 85' lang='lat' dir='ltr'><strong>illegitima</strong></span> <span class='ocrx_word' id='word_1_35' title='bbox 1011 1419 1396 1530; x_wconf 88' lang='lat' dir='ltr'><strong>dicitur,</strong></span> <span class='ocrx_word' id='word_1_36' title='bbox 1473 1418 1984 1531; x_wconf 82' lang='lat' dir='ltr'><strong>ubicunque</strong></span> <span class='ocrx_word' id='word_1_37' title='bbox 2043 1418 2222 1503; x_wconf 89' lang='lat' dir='ltr'><strong>tria</strong></span> <span class='ocrx_word' id='word_1_38' title='bbox 2281 1416 2449 1502; x_wconf 78' lang='lat' dir='ltr'><strong>illa</strong></span> <span class='ocrx_word' id='word_1_39' title='bbox 2506 1440 2761 1523; x_wconf 89' lang='lat' dir='ltr'><strong>vasa,</strong></span> <span class='ocrx_word' id='word_1_40' title='bbox 2820 1411 2939 1499; x_wconf 80' lang='lat' dir='ltr'><strong>dc</strong></span> <span class='ocrx_word' id='word_1_41' title='bbox 2999 1409 3331 1526; x_wconf 84' lang='lat' dir='ltr'><strong>quibus</strong></span> <span class='ocrx_word' id='word_1_42' title='bbox 3386 1436 3679 1498; x_wconf 85' lang='lat' dir='ltr'><strong>sermo</strong></span> <span class='ocrx_word' id='word_1_43' title='bbox 3734 1410 3873 1521; x_wconf 83' lang='lat' dir='ltr'><strong>fit,</strong></span> <span class='ocrx_word' id='word_1_44' title='bbox 3932 1436 4108 1496; x_wconf 87' lang='lat' dir='ltr'><strong>non</strong></span> <span class='ocrx_word' id='word_1_45' title='bbox 4168 1409 4367 1497; x_wconf 90' lang='lat' dir='ltr'><strong>ori-</strong></span> 
     </span>
     <span class='ocr_line' id='line_1_7' title="bbox 477 1572 4367 1701; baseline -0.002 -34"><span class='ocrx_word' id='word_1_46' title='bbox 477 1582 940 1701; x_wconf 85' lang='lat' dir='ltr'><strong>ginalibus</strong></span> <span class='ocrx_word' id='word_1_47' title='bbox 1049 1576 1236 1668; x_wconf 87' lang='lat' dir='ltr'><strong>viis</strong></span> <span class='ocrx_word' id='word_1_48' title='bbox 1335 1579 1543 1668; x_wconf 79' lang='lat' dir='ltr'><strong>folii</strong></span> <span class='ocrx_word' id='word_1_49' title='bbox 1642 1578 2107 1666; x_wconf 86' lang='lat' dir='ltr'><strong>vasculosi</strong></span> <span class='ocrx_word' id='word_1_50' title='bbox 2197 1577 2362 1665; x_wconf 83' lang='lat' dir='ltr'><strong>sed</strong></span> <span class='ocrx_word' id='word_1_51' title='bbox 2468 1573 3199 1663; x_wconf 88' lang='lat' dir='ltr'><strong>secundariorum</strong></span> <span class='ocrx_word' id='word_1_52' title='bbox 3290 1572 3607 1690; x_wconf 80' lang='lat' dir='ltr'><strong>generi</strong></span> <span class='ocrx_word' id='word_1_53' title='bbox 3702 1572 4367 1661; x_wconf 85' lang='lat' dir='ltr'><strong>adnumeranda</strong></span> 
     </span>
     <span class='ocr_line' id='line_1_8' title="bbox 483 1736 4369 1859; baseline -0.003 -28"><span class='ocrx_word' id='word_1_54' title='bbox 483 1754 720 1831; x_wconf 89' lang='lat' dir='ltr'><strong>sunt.</strong></span> <span class='ocrx_word' id='word_1_55' title='bbox 841 1744 1140 1831; x_wconf 85' lang='lat' dir='ltr'><strong>Multo</strong></span> <span class='ocrx_word' id='word_1_56' title='bbox 1197 1744 1508 1859; x_wconf 85' lang='lat' dir='ltr'><strong>pot-ius</strong></span> <span class='ocrx_word' id='word_1_57' title='bbox 1569 1742 1684 1827; x_wconf 92' lang='lat' dir='ltr'><strong>de</strong></span> <span class='ocrx_word' id='word_1_58' title='bbox 1743 1740 2390 1827; x_wconf 76' lang='lat' dir='ltr'><strong>distributione</strong></span> <span class='ocrx_word' id='word_1_59' title='bbox 2451 1765 2749 1825; x_wconf 85' lang='lat' dir='ltr'><strong>earum</strong></span> <span class='ocrx_word' id='word_1_60' title='bbox 2811 1736 3225 1851; x_wconf 77' lang='lat' dir='ltr'><strong>stirpium</strong></span> <span class='ocrx_word' id='word_1_61' title='bbox 3284 1736 3847 1848; x_wconf 76' lang='lat' dir='ltr'><strong>arteriarum,</strong></span> <span class='ocrx_word' id='word_1_62' title='bbox 3908 1763 4141 1851; x_wconf 76' lang='lat' dir='ltr'><strong>quae</strong></span> <span class='ocrx_word' id='word_1_63' title='bbox 4200 1736 4369 1835; x_wconf 85' lang='lat' dir='ltr'><strong>iam</strong></span> 
     </span>
     <span class='ocr_line' id='line_1_9' title="bbox 481 1898 4367 2023; baseline -0.002 -30"><span class='ocrx_word' id='word_1_64' title='bbox 481 1934 763 2023; x_wconf 86' lang='lat' dir='ltr'><strong>sup-ra</strong></span> <span class='ocrx_word' id='word_1_65' title='bbox 840 1916 938 1993; x_wconf 89' lang='lat' dir='ltr'><strong>ut</strong></span> <span class='ocrx_word' id='word_1_66' title='bbox 1023 1906 1495 1995; x_wconf 83' lang='lat' dir='ltr'><strong>derivatae</strong></span> <span class='ocrx_word' id='word_1_67' title='bbox 1571 1902 2180 2020; x_wconf 84' lang='lat' dir='ltr'><strong>originalibus</strong></span> <span class='ocrx_word' id='word_1_68' title='bbox 2255 1900 2441 1986; x_wconf 89' lang='lat' dir='ltr'><strong>viis</strong></span> <span class='ocrx_word' id='word_1_69' title='bbox 2514 1900 2720 1986; x_wconf 84' lang='lat' dir='ltr'><strong>folii</strong></span> <span class='ocrx_word' id='word_1_70' title='bbox 2781 1898 3249 1985; x_wconf 85' lang='lat' dir='ltr'><strong>vasculosi</strong></span> <span class='ocrx_word' id='word_1_71' title='bbox 3297 1899 3785 2015; x_wconf 84' lang='lat' dir='ltr'><strong>oppositae</strong></span> <span class='ocrx_word' id='word_1_72' title='bbox 3843 1907 4100 2010; x_wconf 89' lang='lat' dir='ltr'><strong>sunt,</strong></span> <span class='ocrx_word' id='word_1_73' title='bbox 4163 1899 4223 1985; x_wconf 91' lang='lat' dir='ltr'><strong>i.</strong></span> <span class='ocrx_word' id='word_1_74' title='bbox 4286 1930 4367 1988; x_wconf 90' lang='lat' dir='ltr'><strong>e.</strong></span> 
     </span>
     <span class='ocr_line' id='line_1_10' title="bbox 486 2060 4375 2184; baseline -0 -30"><span class='ocrx_word' id='word_1_75' title='bbox 486 2068 602 2155; x_wconf 88' lang='lat' dir='ltr'><strong>de</strong></span> <span class='ocrx_word' id='word_1_76' title='bbox 679 2067 1325 2155; x_wconf 82' lang='lat' dir='ltr'><strong>distributione</strong></span> <span class='ocrx_word' id='word_1_77' title='bbox 1406 2066 1939 2153; x_wconf 86' lang='lat' dir='ltr'><strong>arteriarum</strong></span> <span class='ocrx_word' id='word_1_78' title='bbox 2021 2063 2510 2173; x_wconf 78' lang='lat' dir='ltr'><strong>carotidiS,</strong></span> <span class='ocrx_word' id='word_1_79' title='bbox 2589 2060 3165 2184; x_wconf 82' lang='lat' dir='ltr'><strong>subclav-iae,</strong></span> <span class='ocrx_word' id='word_1_80' title='bbox 3242 2060 3569 2148; x_wconf 77' lang='lat' dir='ltr'><strong>iliacae</strong></span> <span class='ocrx_word' id='word_1_81' title='bbox 3644 2071 3741 2148; x_wconf 89' lang='lat' dir='ltr'><strong>et</strong></span> <span class='ocrx_word' id='word_1_82' title='bbox 3836 2062 4375 2153; x_wconf 76' lang='lat' dir='ltr'><strong>arteriarum</strong></span> 
     </span>
     <span class='ocr_line' id='line_1_11' title="bbox 487 2224 4378 2343; baseline -0.001 -25"><span class='ocrx_word' id='word_1_83' title='bbox 487 2232 930 2319; x_wconf 84' lang='lat' dir='ltr'><strong>viscerum</strong></span> <span class='ocrx_word' id='word_1_84' title='bbox 1009 2228 1678 2317; x_wconf 87' lang='lat' dir='ltr'><strong>fluctuationem</strong></span> <span class='ocrx_word' id='word_1_85' title='bbox 1741 2226 2176 2342; x_wconf 81' lang='lat' dir='ltr'><strong>quandam</strong></span> <span class='ocrx_word' id='word_1_86' title='bbox 2239 2235 2332 2312; x_wconf 88' lang='lat' dir='ltr'><strong>et</strong></span> <span class='ocrx_word' id='word_1_87' title='bbox 2387 2224 2980 2311; x_wconf 85' lang='lat' dir='ltr'><strong>variationem</strong></span> <span class='ocrx_word' id='word_1_88' title='bbox 3036 2224 3281 2309; x_wconf 78' lang='lat' dir='ltr'><strong>intra</strong></span> <span class='ocrx_word' id='word_1_89' title='bbox 3340 2232 3647 2311; x_wconf 87' lang='lat' dir='ltr'><strong>certos</strong></span> <span class='ocrx_word' id='word_1_90' title='bbox 3704 2224 3937 2312; x_wconf 83' lang='lat' dir='ltr'><strong>fines</strong></span> <span class='ocrx_word' id='word_1_91' title='bbox 3997 2228 4378 2343; x_wconf 88' lang='lat' dir='ltr'><strong>regulae</strong></span> 
     </span>
     <span class='ocr_line' id='line_1_12' title="bbox 487 2385 4378 2500; baseline -0.001 -20"><span class='ocrx_word' id='word_1_92' title='bbox 487 2392 694 2480; x_wconf 90' lang='lat' dir='ltr'><strong>loco</strong></span> <span class='ocrx_word' id='word_1_93' title='bbox 786 2402 1305 2485; x_wconf 88' lang='lat' dir='ltr'><strong>statuamus.</strong></span> <span class='ocrx_word' id='word_1_94' title='bbox 1457 2388 1726 2495; x_wconf 81' lang='lat' dir='ltr'><strong>Quod</strong></span> <span class='ocrx_word' id='word_1_95' title='bbox 1817 2388 2295 2476; x_wconf 88' lang='lat' dir='ltr'><strong>mirandum</strong></span> <span class='ocrx_word' id='word_1_96' title='bbox 2373 2415 2549 2474; x_wconf 91' lang='lat' dir='ltr'><strong>non</strong></span> <span class='ocrx_word' id='word_1_97' title='bbox 2630 2394 2816 2500; x_wconf 83' lang='lat' dir='ltr'><strong>est,</strong></span> <span class='ocrx_word' id='word_1_98' title='bbox 2905 2413 3169 2499; x_wconf 89' lang='lat' dir='ltr'><strong>quum</strong></span> <span class='ocrx_word' id='word_1_99' title='bbox 3254 2385 3742 2499; x_wconf 88' lang='lat' dir='ltr'><strong>carotidis,</strong></span> <span class='ocrx_word' id='word_1_100' title='bbox 3817 2388 4378 2500; x_wconf 88' lang='lat' dir='ltr'><strong>subclaviae,</strong></span> 
     </span>
     <span class='ocr_line' id='line_1_13' title="bbox 489 2548 4381 2672; baseline 0 -32"><span class='ocrx_word' id='word_1_101' title='bbox 489 2552 1246 2672; x_wconf 84' lang='lat' dir='ltr'><strong>hypogastricae,</strong></span> <span class='ocrx_word' id='word_1_102' title='bbox 1321 2552 1730 2639; x_wconf 89' lang='lat' dir='ltr'><strong>similium</strong></span> <span class='ocrx_word' id='word_1_103' title='bbox 1793 2551 2324 2637; x_wconf 84' lang='lat' dir='ltr'><strong>distributio</strong></span> <span class='ocrx_word' id='word_1_104' title='bbox 2380 2550 2479 2634; x_wconf 89' lang='lat' dir='ltr'><strong>in</strong></span> <span class='ocrx_word' id='word_1_105' title='bbox 2538 2557 2839 2635; x_wconf 88' lang='lat' dir='ltr'><strong>certas</strong></span> <span class='ocrx_word' id='word_1_106' title='bbox 2900 2574 3440 2665; x_wconf 82' lang='lat' dir='ltr'><strong>organorum</strong></span> <span class='ocrx_word' id='word_1_107' title='bbox 3501 2548 4071 2663; x_wconf 77' lang='lat' dir='ltr'><strong>provinciaS,</strong></span> <span class='ocrx_word' id='word_1_108' title='bbox 4148 2579 4381 2666; x_wconf 79' lang='lat' dir='ltr'><strong>quae</strong></span> 
     </span>
     <span class='ocr_line' id='line_1_14' title="bbox 491 2709 4385 2827; baseline -0 -24"><span class='ocrx_word' id='word_1_109' title='bbox 491 2745 788 2805; x_wconf 91' lang='lat' dir='ltr'><strong>ramos</strong></span> <span class='ocrx_word' id='word_1_110' title='bbox 863 2724 1023 2804; x_wconf 90' lang='lat' dir='ltr'><strong>aut</strong></span> <span class='ocrx_word' id='word_1_111' title='bbox 1095 2742 1396 2801; x_wconf 91' lang='lat' dir='ltr'><strong>omnes</strong></span> <span class='ocrx_word' id='word_1_112' title='bbox 1473 2714 1876 2801; x_wconf 90' lang='lat' dir='ltr'><strong>directos</strong></span> <span class='ocrx_word' id='word_1_113' title='bbox 1934 2721 2094 2800; x_wconf 90' lang='lat' dir='ltr'><strong>aut</strong></span> <span class='ocrx_word' id='word_1_114' title='bbox 2152 2740 2272 2799; x_wconf 86' lang='lat' dir='ltr'><strong>ex</strong></span> <span class='ocrx_word' id='word_1_115' title='bbox 2345 2721 2606 2827; x_wconf 88' lang='lat' dir='ltr'><strong>parte</strong></span> <span class='ocrx_word' id='word_1_116' title='bbox 2666 2712 2906 2798; x_wconf 90' lang='lat' dir='ltr'><strong>inter</strong></span> <span class='ocrx_word' id='word_1_117' title='bbox 2964 2737 3066 2797; x_wconf 92' lang='lat' dir='ltr'><strong>se</strong></span> <span class='ocrx_word' id='word_1_118' title='bbox 3126 2709 3656 2798; x_wconf 88' lang='lat' dir='ltr'><strong>coniunctos</strong></span> <span class='ocrx_word' id='word_1_119' title='bbox 3746 2712 3808 2799; x_wconf 90' lang='lat' dir='ltr'><strong>i.</strong></span> <span class='ocrx_word' id='word_1_120' title='bbox 3868 2740 3949 2798; x_wconf 90' lang='lat' dir='ltr'><strong>e.</strong></span> <span class='ocrx_word' id='word_1_121' title='bbox 4012 2723 4385 2802; x_wconf 86' lang='lat' dir='ltr'><strong>truncos</strong></span> 
     </span>
     <span class='ocr_line' id='line_1_15' title="bbox 493 2874 4387 2993; baseline -0 -28"><span class='ocrx_word' id='word_1_122' title='bbox 493 2881 713 2967; x_wconf 88' lang='lat' dir='ltr'><strong>illos</strong></span> <span class='ocrx_word' id='word_1_123' title='bbox 793 2877 1406 2993; x_wconf 83' lang='lat' dir='ltr'><strong>compluribus</strong></span> <span class='ocrx_word' id='word_1_124' title='bbox 1480 2876 1853 2963; x_wconf 89' lang='lat' dir='ltr'><strong>arteriis</strong></span> <span class='ocrx_word' id='word_1_125' title='bbox 1911 2900 2405 2961; x_wconf 86' lang='lat' dir='ltr'><strong>communes</strong></span> <span class='ocrx_word' id='word_1_126' title='bbox 2466 2874 3033 2983; x_wconf 81' lang='lat' dir='ltr'><strong>contineant,</strong></span> <span class='ocrx_word' id='word_1_127' title='bbox 3106 2899 3659 2988; x_wconf 84' lang='lat' dir='ltr'><strong>nequaquam</strong></span> <span class='ocrx_word' id='word_1_128' title='bbox 3737 2875 4160 2964; x_wconf 89' lang='lat' dir='ltr'><strong>absoluta</strong></span> <span class='ocrx_word' id='word_1_129' title='bbox 4230 2878 4387 2965; x_wconf 86' lang='lat' dir='ltr'><strong>lex</strong></span> 
     </span>
     <span class='ocr_line' id='line_1_16' title="bbox 495 3032 4389 3153; baseline 0 -26"><span class='ocrx_word' id='word_1_130' title='bbox 495 3040 938 3129; x_wconf 81' lang='lat' dir='ltr'><strong>naturalis</strong></span> <span class='ocrx_word' id='word_1_131' title='bbox 1012 3040 1192 3150; x_wconf 85' lang='lat' dir='ltr'><strong>sit,</strong></span> <span class='ocrx_word' id='word_1_132' title='bbox 1264 3039 1521 3125; x_wconf 84' lang='lat' dir='ltr'><strong>velut</strong></span> <span class='ocrx_word' id='word_1_133' title='bbox 1596 3064 1704 3124; x_wconf 88' lang='lat' dir='ltr'><strong>ea</strong></span> <span class='ocrx_word' id='word_1_134' title='bbox 1783 3035 2280 3123; x_wconf 83' lang='lat' dir='ltr'><strong>necessitas</strong></span> <span class='ocrx_word' id='word_1_135' title='bbox 2357 3044 2459 3122; x_wconf 90' lang='lat' dir='ltr'><strong>ut</strong></span> <span class='ocrx_word' id='word_1_136' title='bbox 2534 3032 2927 3150; x_wconf 79' lang='lat' dir='ltr'><strong>quodvis</strong></span> <span class='ocrx_word' id='word_1_137' title='bbox 2987 3061 3436 3151; x_wconf 83' lang='lat' dir='ltr'><strong>organum</strong></span> <span class='ocrx_word' id='word_1_138' title='bbox 3506 3038 4029 3153; x_wconf 83' lang='lat' dir='ltr'><strong>sanguinem</strong></span> <span class='ocrx_word' id='word_1_139' title='bbox 4107 3039 4200 3124; x_wconf 91' lang='lat' dir='ltr'><strong>in</strong></span> <span class='ocrx_word' id='word_1_140' title='bbox 4286 3068 4389 3127; x_wconf 91' lang='lat' dir='ltr'><strong>se</strong></span> 
     </span>
     <span class='ocr_line' id='line_1_17' title="bbox 495 3196 4391 3318; baseline 0 -29"><span class='ocrx_word' id='word_1_141' title='bbox 495 3198 912 3318; x_wconf 82' lang='lat' dir='ltr'><strong>recipiat,</strong></span> <span class='ocrx_word' id='word_1_142' title='bbox 973 3200 1136 3289; x_wconf 86' lang='lat' dir='ltr'><strong>sed</strong></span> <span class='ocrx_word' id='word_1_143' title='bbox 1200 3201 1380 3288; x_wconf 84' lang='lat' dir='ltr'><strong>ista</strong></span> <span class='ocrx_word' id='word_1_144' title='bbox 1457 3198 1986 3287; x_wconf 83' lang='lat' dir='ltr'><strong>distributio</strong></span> <span class='ocrx_word' id='word_1_145' title='bbox 2059 3199 2499 3285; x_wconf 82' lang='lat' dir='ltr'><strong>duntaxat</strong></span> <span class='ocrx_word' id='word_1_146' title='bbox 2558 3224 2675 3284; x_wconf 86' lang='lat' dir='ltr'><strong>ex</strong></span> <span class='ocrx_word' id='word_1_147' title='bbox 2747 3196 3109 3283; x_wconf 86' lang='lat' dir='ltr'><strong>formali</strong></span> <span class='ocrx_word' id='word_1_148' title='bbox 3186 3205 3410 3312; x_wconf 83' lang='lat' dir='ltr'><strong>typo</strong></span> <span class='ocrx_word' id='word_1_149' title='bbox 3488 3196 3840 3285; x_wconf 84' lang='lat' dir='ltr'><strong>directa</strong></span> <span class='ocrx_word' id='word_1_150' title='bbox 3908 3200 4081 3312; x_wconf 86' lang='lat' dir='ltr'><strong>sit,</strong></span> <span class='ocrx_word' id='word_1_151' title='bbox 4156 3228 4391 3317; x_wconf 85' lang='lat' dir='ltr'><strong>quos</strong></span> 
     </span>
     <span class='ocr_line' id='line_1_18' title="bbox 499 3356 4390 3480; baseline -0.001 -28"><span class='ocrx_word' id='word_1_152' title='bbox 499 3374 780 3480; x_wconf 83' lang='lat' dir='ltr'><strong>typos</strong></span> <span class='ocrx_word' id='word_1_153' title='bbox 859 3390 1162 3451; x_wconf 91' lang='lat' dir='ltr'><strong>earum</strong></span> <span class='ocrx_word' id='word_1_154' title='bbox 1240 3364 1756 3480; x_wconf 84' lang='lat' dir='ltr'><strong>regularum</strong></span> <span class='ocrx_word' id='word_1_155' title='bbox 1837 3389 2044 3450; x_wconf 88' lang='lat' dir='ltr'><strong>esse</strong></span> <span class='ocrx_word' id='word_1_156' title='bbox 2123 3368 2480 3449; x_wconf 90' lang='lat' dir='ltr'><strong>constat</strong></span> <span class='ocrx_word' id='word_1_157' title='bbox 2501 3423 2526 3471; x_wconf 97' lang='lat'><strong>,</strong></span> <span class='ocrx_word' id='word_1_158' title='bbox 2616 3386 2851 3474; x_wconf 85' lang='lat' dir='ltr'><strong>quae</strong></span> <span class='ocrx_word' id='word_1_159' title='bbox 2943 3356 3639 3472; x_wconf 81' lang='lat' dir='ltr'><strong>exceptionibus</strong></span> <span class='ocrx_word' id='word_1_160' title='bbox 3722 3362 4390 3450; x_wconf 77' lang='lat' dir='ltr'><strong>confirmentur.</strong></span> 
     </span>
     <span class='ocr_line' id='line_1_19' title="bbox 493 3520 4393 3637; baseline 0 -24"><span class='ocrx_word' id='word_1_161' title='bbox 493 3526 704 3631; x_wconf 74' lang='lat' dir='ltr'><strong>Quo</strong></span> <span class='ocrx_word' id='word_1_162' title='bbox 765 3526 1110 3613; x_wconf 88' lang='lat' dir='ltr'><strong>certius</strong></span> <span class='ocrx_word' id='word_1_163' title='bbox 1165 3534 1458 3614; x_wconf 86' lang='lat' dir='ltr'><strong>autem</strong></span> <span class='ocrx_word' id='word_1_164' title='bbox 1533 3526 1940 3614; x_wconf 86' lang='lat' dir='ltr'><strong>varietas</strong></span> <span class='ocrx_word' id='word_1_165' title='bbox 2015 3522 2695 3610; x_wconf 87' lang='lat' dir='ltr'><strong>distributionis</strong></span> <span class='ocrx_word' id='word_1_166' title='bbox 2768 3520 3345 3637; x_wconf 86' lang='lat' dir='ltr'><strong>complurium</strong></span> <span class='ocrx_word' id='word_1_167' title='bbox 3416 3521 3955 3617; x_wconf 81' lang='lat' dir='ltr'><strong>arteriarum</strong></span> <span class='ocrx_word' id='word_1_168' title='bbox 4026 3550 4393 3614; x_wconf 87' lang='lat' dir='ltr'><strong>normae</strong></span> 
     </span>
     <span class='ocr_line' id='line_1_20' title="bbox 499 3684 4393 3803; baseline 0 -29"><span class='ocrx_word' id='word_1_169' title='bbox 499 3687 708 3775; x_wconf 90' lang='lat' dir='ltr'><strong>loco</strong></span> <span class='ocrx_word' id='word_1_170' title='bbox 765 3686 1248 3775; x_wconf 86' lang='lat' dir='ltr'><strong>statuenda</strong></span> <span class='ocrx_word' id='word_1_171' title='bbox 1307 3698 1479 3799; x_wconf 85' lang='lat' dir='ltr'><strong>est,</strong></span> <span class='ocrx_word' id='word_1_172' title='bbox 1547 3714 1663 3775; x_wconf 87' lang='lat' dir='ltr'><strong>eo</strong></span> <span class='ocrx_word' id='word_1_173' title='bbox 1721 3686 2206 3774; x_wconf 86' lang='lat' dir='ltr'><strong>difficilius</strong></span> <span class='ocrx_word' id='word_1_174' title='bbox 2263 3713 2469 3773; x_wconf 90' lang='lat' dir='ltr'><strong>esse</strong></span> <span class='ocrx_word' id='word_1_175' title='bbox 2529 3692 2910 3801; x_wconf 88' lang='lat' dir='ltr'><strong>apparet</strong></span> <span class='ocrx_word' id='word_1_176' title='bbox 2966 3710 3157 3770; x_wconf 90' lang='lat' dir='ltr'><strong>eum</strong></span> <span class='ocrx_word' id='word_1_177' title='bbox 3218 3684 3676 3771; x_wconf 89' lang='lat' dir='ltr'><strong>terminum</strong></span> <span class='ocrx_word' id='word_1_178' title='bbox 3734 3684 4150 3799; x_wconf 82' lang='lat' dir='ltr'><strong>definire,</strong></span> <span class='ocrx_word' id='word_1_179' title='bbox 4213 3714 4393 3803; x_wconf 91' lang='lat' dir='ltr'><strong>quo</strong></span> 
     </span>
     <span class='ocr_line' id='line_1_21' title="bbox 501 3846 3372 3968; baseline -0.001 -33"><span class='ocrx_word' id='word_1_180' title='bbox 501 3848 962 3968; x_wconf 78' lang='lat' dir='ltr'><strong>regularis</strong></span> <span class='ocrx_word' id='word_1_181' title='bbox 1019 3848 1416 3937; x_wconf 83' lang='lat' dir='ltr'><strong>variatio</strong></span> <span class='ocrx_word' id='word_1_182' title='bbox 1475 3851 1590 3937; x_wconf 90' lang='lat' dir='ltr'><strong>ab</strong></span> <span class='ocrx_word' id='word_1_183' title='bbox 1650 3849 2182 3937; x_wconf 89' lang='lat' dir='ltr'><strong>enormitate</strong></span> <span class='ocrx_word' id='word_1_184' title='bbox 2240 3847 2714 3966; x_wconf 88' lang='lat' dir='ltr'><strong>illegitima</strong></span> <span class='ocrx_word' id='word_1_185' title='bbox 2772 3846 3372 3934; x_wconf 86' lang='lat' dir='ltr'><strong>discernatur.</strong></span> 
     </span>
    </p>

    <p class='ocr_par' dir='ltr' id='par_1_4' title="bbox 494 4008 4409 5587">
     <span class='ocr_line' id='line_1_22' title="bbox 785 4008 4397 4127; baseline 0.001 -29"><span class='ocrx_word' id='word_1_186' title='bbox 785 4008 1076 4098; x_wconf 81' lang='lat' dir='ltr'><strong>Certo</strong></span> <span class='ocrx_word' id='word_1_187' title='bbox 1137 4012 1726 4100; x_wconf 88' lang='lat' dir='ltr'><strong>miserandum</strong></span> <span class='ocrx_word' id='word_1_188' title='bbox 1787 4021 1957 4123; x_wconf 89' lang='lat' dir='ltr'><strong>est,</strong></span> <span class='ocrx_word' id='word_1_189' title='bbox 2029 4012 2258 4098; x_wconf 89' lang='lat' dir='ltr'><strong>hanc</strong></span> <span class='ocrx_word' id='word_1_190' title='bbox 2319 4009 2825 4127; x_wconf 88' lang='lat' dir='ltr'><strong>regularem</strong></span> <span class='ocrx_word' id='word_1_191' title='bbox 2896 4009 3424 4095; x_wconf 78' lang='lat' dir='ltr'><strong>varietatem</strong></span> <span class='ocrx_word' id='word_1_192' title='bbox 3486 4008 3579 4095; x_wconf 91' lang='lat' dir='ltr'><strong>in</strong></span> <span class='ocrx_word' id='word_1_193' title='bbox 3636 4011 4011 4098; x_wconf 86' lang='lat' dir='ltr'><strong>arteriis</strong></span> <span class='ocrx_word' id='word_1_194' title='bbox 4070 4012 4397 4101; x_wconf 90' lang='lat' dir='ltr'><strong>distri-</strong></span> 
     </span>
     <span class='ocr_line' id='line_1_23' title="bbox 494 4170 4399 4291; baseline 0.002 -34"><span class='ocrx_word' id='word_1_195' title='bbox 494 4173 890 4261; x_wconf 74' lang='lat' dir='ltr'><strong>buendis</strong></span> <span class='ocrx_word' id='word_1_196' title='bbox 970 4174 1084 4259; x_wconf 89' lang='lat' dir='ltr'><strong>ab</strong></span> <span class='ocrx_word' id='word_1_197' title='bbox 1167 4174 1327 4285; x_wconf 72' lang='lat' dir='ltr'><strong>iia,</strong></span> <span class='ocrx_word' id='word_1_198' title='bbox 1401 4176 1559 4288; x_wconf 81' lang='lat' dir='ltr'><strong>qui</strong></span> <span class='ocrx_word' id='word_1_199' title='bbox 1633 4175 1804 4262; x_wconf 85' lang='lat' dir='ltr'><strong>bac</strong></span> <span class='ocrx_word' id='word_1_200' title='bbox 1879 4174 1994 4260; x_wconf 91' lang='lat' dir='ltr'><strong>de</strong></span> <span class='ocrx_word' id='word_1_201' title='bbox 2059 4200 2181 4259; x_wconf 68' lang='lat' dir='ltr'><strong>:re</strong></span> <span class='ocrx_word' id='word_1_202' title='bbox 2228 4173 2698 4285; x_wconf 85' lang='lat' dir='ltr'><strong>scribunt,</strong></span> <span class='ocrx_word' id='word_1_203' title='bbox 2766 4196 2941 4258; x_wconf 92' lang='lat' dir='ltr'><strong>non</strong></span> <span class='ocrx_word' id='word_1_204' title='bbox 3021 4170 3251 4258; x_wconf 89' lang='lat' dir='ltr'><strong>satis</strong></span> <span class='ocrx_word' id='word_1_205' title='bbox 3322 4172 3697 4287; x_wconf 83' lang='lat' dir='ltr'><strong>agnosci</strong></span> <span class='ocrx_word' id='word_1_206' title='bbox 3755 4172 4069 4288; x_wconf 89' lang='lat' dir='ltr'><strong>itaque</strong></span> <span class='ocrx_word' id='word_1_207' title='bbox 4125 4202 4399 4291; x_wconf 86' lang='lat' dir='ltr'><strong>saepe</strong></span> 
     </span>
     <span class='ocr_line' id='line_1_24' title="bbox 501 4333 4401 4455; baseline 0.001 -32"><span class='ocrx_word' id='word_1_208' title='bbox 501 4334 1184 4423; x_wconf 83' lang='lat' dir='ltr'><strong>controversias</strong></span> <span class='ocrx_word' id='word_1_209' title='bbox 1266 4334 1503 4423; x_wconf 90' lang='lat' dir='ltr'><strong>inter</strong></span> <span class='ocrx_word' id='word_1_210' title='bbox 1549 4363 1744 4424; x_wconf 84' lang='lat' dir='ltr'><strong>-eos</strong></span> <span class='ocrx_word' id='word_1_211' title='bbox 1817 4336 2166 4423; x_wconf 82' lang='lat' dir='ltr'><strong>exoriri</strong></span> <span class='ocrx_word' id='word_1_212' title='bbox 2245 4336 2360 4422; x_wconf 91' lang='lat' dir='ltr'><strong>de</strong></span> <span class='ocrx_word' id='word_1_213' title='bbox 2417 4345 2660 4440; x_wconf 71' lang='lat' dir='ltr'><strong>:vera</strong></span> <span class='ocrx_word' id='word_1_214' title='bbox 2734 4334 3107 4451; x_wconf 90' lang='lat' dir='ltr'><strong>regula,</strong></span> <span class='ocrx_word' id='word_1_215' title='bbox 3186 4360 3369 4448; x_wconf 89' lang='lat' dir='ltr'><strong>qua</strong></span> <span class='ocrx_word' id='word_1_216' title='bbox 3442 4333 3980 4421; x_wconf 86' lang='lat' dir='ltr'><strong>arteriarum</strong></span> <span class='ocrx_word' id='word_1_217' title='bbox 4060 4338 4401 4455; x_wconf 86' lang='lat' dir='ltr'><strong>stirpes</strong></span> 
     </span>
     <span class='ocr_line' id='line_1_25' title="bbox 503 4496 4402 4617; baseline 0.002 -36"><span class='ocrx_word' id='word_1_218' title='bbox 503 4496 1176 4585; x_wconf 87' lang='lat' dir='ltr'><strong>distribuantur</strong></span> <span class='ocrx_word' id='word_1_219' title='bbox 1247 4507 1342 4584; x_wconf 89' lang='lat' dir='ltr'><strong>et</strong></span> <span class='ocrx_word' id='word_1_220' title='bbox 1415 4497 1534 4585; x_wconf 92' lang='lat' dir='ltr'><strong>de</strong></span> <span class='ocrx_word' id='word_1_221' title='bbox 1590 4526 1818 4586; x_wconf 88' lang='lat' dir='ltr'><strong>vera</strong></span> <span class='ocrx_word' id='word_1_222' title='bbox 1896 4498 2256 4617; x_wconf 85' lang='lat' dir='ltr'><strong>origine</strong></span> <span class='ocrx_word' id='word_1_223' title='bbox 2317 4497 2877 4615; x_wconf 90' lang='lat' dir='ltr'><strong>singularum</strong></span> <span class='ocrx_word' id='word_1_224' title='bbox 2936 4496 3501 4584; x_wconf 88' lang='lat' dir='ltr'><strong>arteriarum.</strong></span> <span class='ocrx_word' id='word_1_225' title='bbox 3617 4496 4063 4585; x_wconf 85' lang='lat' dir='ltr'><strong>Profecto</strong></span> <span class='ocrx_word' id='word_1_226' title='bbox 4122 4498 4402 4590; x_wconf 84' lang='lat' dir='ltr'><strong>facile</strong></span> 
     </span>
     <span class='ocr_line' id='line_1_26' title="bbox 501 4658 4399 4778; baseline 0.001 -33"><span class='ocrx_word' id='word_1_227' title='bbox 501 4658 684 4745; x_wconf 86' lang='lat' dir='ltr'><strong>erit</strong></span> <span class='ocrx_word' id='word_1_228' title='bbox 758 4684 990 4745; x_wconf 89' lang='lat' dir='ltr'><strong>vero</strong></span> <span class='ocrx_word' id='word_1_229' title='bbox 1073 4686 1370 4746; x_wconf 90' lang='lat' dir='ltr'><strong>rerum</strong></span> <span class='ocrx_word' id='word_1_230' title='bbox 1449 4669 1695 4747; x_wconf 89' lang='lat' dir='ltr'><strong>statu</strong></span> <span class='ocrx_word' id='word_1_231' title='bbox 1777 4664 2089 4778; x_wconf 89' lang='lat' dir='ltr'><strong>agnito</strong></span> <span class='ocrx_word' id='word_1_232' title='bbox 2163 4661 2405 4747; x_wconf 91' lang='lat' dir='ltr'><strong>inter</strong></span> <span class='ocrx_word' id='word_1_233' title='bbox 2460 4660 3009 4748; x_wconf 89' lang='lat' dir='ltr'><strong>anatomicos</strong></span> <span class='ocrx_word' id='word_1_234' title='bbox 3068 4660 3239 4745; x_wconf 89' lang='lat' dir='ltr'><strong>bac</strong></span> <span class='ocrx_word' id='word_1_235' title='bbox 3300 4659 3415 4745; x_wconf 91' lang='lat' dir='ltr'><strong>de</strong></span> <span class='ocrx_word' id='word_1_236' title='bbox 3474 4684 3577 4745; x_wconf 91' lang='lat' dir='ltr'><strong>re</strong></span> <span class='ocrx_word' id='word_1_237' title='bbox 3636 4666 3975 4746; x_wconf 90' lang='lat' dir='ltr'><strong>certum</strong></span> <span class='ocrx_word' id='word_1_238' title='bbox 4050 4672 4399 4774; x_wconf 89' lang='lat' dir='ltr'><strong>pactum</strong></span> 
     </span>
     <span class='ocr_line' id='line_1_27' title="bbox 505 4818 4405 4941; baseline 0.002 -37"><span class='ocrx_word' id='word_1_239' title='bbox 505 4818 849 4941; x_wconf 78' lang='lat' dir='ltr'><strong>facere.</strong></span> <span class='ocrx_word' id='word_1_240' title='bbox 968 4822 1473 4908; x_wconf 82' lang='lat' dir='ltr'><strong>Anatomici</strong></span> <span class='ocrx_word' id='word_1_241' title='bbox 1533 4822 1758 4911; x_wconf 89' lang='lat' dir='ltr'><strong>enim</strong></span> <span class='ocrx_word' id='word_1_242' title='bbox 1819 4848 2122 4910; x_wconf 88' lang='lat' dir='ltr'><strong>omnes</strong></span> <span class='ocrx_word' id='word_1_243' title='bbox 2179 4851 2291 4910; x_wconf 87' lang='lat' dir='ltr'><strong>ea</strong></span> <span class='ocrx_word' id='word_1_244' title='bbox 2345 4823 2463 4911; x_wconf 92' lang='lat' dir='ltr'><strong>de</strong></span> <span class='ocrx_word' id='word_1_245' title='bbox 2525 4850 2627 4908; x_wconf 89' lang='lat' dir='ltr'><strong>re</strong></span> <span class='ocrx_word' id='word_1_246' title='bbox 2685 4822 3286 4932; x_wconf 86' lang='lat' dir='ltr'><strong>consentiunt,</strong></span> <span class='ocrx_word' id='word_1_247' title='bbox 3350 4820 3933 4909; x_wconf 83' lang='lat' dir='ltr'><strong>Tiedemanni</strong></span> <span class='ocrx_word' id='word_1_248' title='bbox 4012 4848 4243 4937; x_wconf 87' lang='lat' dir='ltr'><strong>opus</strong></span> <span class='ocrx_word' id='word_1_249' title='bbox 4291 4823 4405 4910; x_wconf 92' lang='lat' dir='ltr'><strong>de</strong></span> 
     </span>
     <span class='ocr_line' id='line_1_28' title="bbox 499 4970 4404 5107; baseline 0.001 -42"><span class='ocrx_word' id='word_1_250' title='bbox 499 4970 1042 5107; x_wconf 55' lang='lat' dir='ltr'><strong>arteriarum</strong></span> <span class='ocrx_word' id='word_1_251' title='bbox 1106 4981 1754 5072; x_wconf 88' lang='lat' dir='ltr'><strong>distributione</strong></span> <span class='ocrx_word' id='word_1_252' title='bbox 1811 4984 1906 5069; x_wconf 90' lang='lat' dir='ltr'><strong>in</strong></span> <span class='ocrx_word' id='word_1_253' title='bbox 1966 5009 2360 5100; x_wconf 88' lang='lat' dir='ltr'><strong>corpore</strong></span> <span class='ocrx_word' id='word_1_254' title='bbox 2421 4984 2803 5071; x_wconf 88' lang='lat' dir='ltr'><strong>humano</strong></span> <span class='ocrx_word' id='word_1_255' title='bbox 2864 4986 3141 5101; x_wconf 89' lang='lat' dir='ltr'><strong>longe</strong></span> <span class='ocrx_word' id='word_1_256' title='bbox 3206 4984 3618 5070; x_wconf 81' lang='lat' dir='ltr'><strong>eximium</strong></span> <span class='ocrx_word' id='word_1_257' title='bbox 3678 5008 3934 5095; x_wconf 88' lang='lat' dir='ltr'><strong>esse,</strong></span> <span class='ocrx_word' id='word_1_258' title='bbox 3995 4992 4088 5069; x_wconf 89' lang='lat' dir='ltr'><strong>et</strong></span> <span class='ocrx_word' id='word_1_259' title='bbox 4142 5012 4404 5099; x_wconf 85' lang='lat' dir='ltr'><strong>quum</strong></span> 
     </span>
     <span class='ocr_line' id='line_1_29' title="bbox 503 5116 4406 5263; baseline 0.002 -36"><span class='ocrx_word' id='word_1_260' title='bbox 503 5116 764 5228; x_wconf 80' lang='lat' dir='ltr'><strong>certo</strong></span> <span class='ocrx_word' id='word_1_261' title='bbox 821 5142 916 5227; x_wconf 90' lang='lat' dir='ltr'><strong>in</strong></span> <span class='ocrx_word' id='word_1_262' title='bbox 975 5150 1434 5231; x_wconf 83' lang='lat' dir='ltr'><strong>aeternum</strong></span> <span class='ocrx_word' id='word_1_263' title='bbox 1489 5147 2351 5263; x_wconf 83' lang='lat' dir='ltr'><strong>praestantissimum</strong></span> <span class='ocrx_word' id='word_1_264' title='bbox 2408 5145 2534 5233; x_wconf 85' lang='lat' dir='ltr'><strong>sit</strong></span> <span class='ocrx_word' id='word_1_265' title='bbox 2590 5144 3040 5259; x_wconf 83' lang='lat' dir='ltr'><strong>futurum,</strong></span> <span class='ocrx_word' id='word_1_266' title='bbox 3114 5171 3409 5260; x_wconf 90' lang='lat' dir='ltr'><strong>neque</strong></span> <span class='ocrx_word' id='word_1_267' title='bbox 3469 5144 4022 5233; x_wconf 88' lang='lat' dir='ltr'><strong>metuendum</strong></span> <span class='ocrx_word' id='word_1_268' title='bbox 4080 5148 4232 5256; x_wconf 88' lang='lat' dir='ltr'><strong>sit,</strong></span> <span class='ocrx_word' id='word_1_269' title='bbox 4292 5173 4406 5234; x_wconf 91' lang='lat' dir='ltr'><strong>ne</strong></span> 
     </span>
     <span class='ocr_line' id='line_1_30' title="bbox 510 5304 4407 5424; baseline 0.001 -36"><span class='ocrx_word' id='word_1_270' title='bbox 510 5330 890 5418; x_wconf 87' lang='lat' dir='ltr'><strong>unquam</strong></span> <span class='ocrx_word' id='word_1_271' title='bbox 965 5308 1086 5391; x_wconf 85' lang='lat' dir='ltr'><strong>ab</strong></span> <span class='ocrx_word' id='word_1_272' title='bbox 1163 5330 1444 5421; x_wconf 87' lang='lat' dir='ltr'><strong>opere</strong></span> <span class='ocrx_word' id='word_1_273' title='bbox 1523 5310 2042 5424; x_wconf 89' lang='lat' dir='ltr'><strong>posteriore</strong></span> <span class='ocrx_word' id='word_1_274' title='bbox 2115 5308 2485 5396; x_wconf 86' lang='lat' dir='ltr'><strong>eandem</strong></span> <span class='ocrx_word' id='word_1_275' title='bbox 2562 5334 2743 5395; x_wconf 87' lang='lat' dir='ltr'><strong>rem</strong></span> <span class='ocrx_word' id='word_1_276' title='bbox 2807 5316 3256 5396; x_wconf 88' lang='lat' dir='ltr'><strong>tractante</strong></span> <span class='ocrx_word' id='word_1_277' title='bbox 3320 5315 3814 5423; x_wconf 87' lang='lat' dir='ltr'><strong>superetur</strong></span> <span class='ocrx_word' id='word_1_278' title='bbox 3870 5313 4028 5395; x_wconf 88' lang='lat' dir='ltr'><strong>aut</strong></span> <span class='ocrx_word' id='word_1_279' title='bbox 4084 5330 4143 5391; x_wconf 90' lang='lat' dir='ltr'><strong>a</strong></span> <span class='ocrx_word' id='word_1_280' title='bbox 4196 5304 4407 5391; x_wconf 89' lang='lat' dir='ltr'><strong>loco</strong></span> 
     </span>
     <span class='ocr_line' id='line_1_31' title="bbox 513 5466 4409 5587; baseline 0.001 -36"><span class='ocrx_word' id='word_1_281' title='bbox 513 5490 683 5552; x_wconf 83' lang='lat' dir='ltr'><strong>suo</strong></span> <span class='ocrx_word' id='word_1_282' title='bbox 743 5476 1320 5556; x_wconf 87' lang='lat' dir='ltr'><strong>removeatur</strong></span> <span class='ocrx_word' id='word_1_283' title='bbox 1385 5520 1482 5533; x_wconf 93' lang='lat'>—</span> <span class='ocrx_word' id='word_1_284' title='bbox 1548 5498 1986 5587; x_wconf 87' lang='lat' dir='ltr'><strong>nunquam</strong></span> <span class='ocrx_word' id='word_1_285' title='bbox 2043 5471 2268 5559; x_wconf 88' lang='lat' dir='ltr'><strong>enim</strong></span> <span class='ocrx_word' id='word_1_286' title='bbox 2329 5470 2796 5586; x_wconf 86' lang='lat' dir='ltr'><strong>quisquam</strong></span> <span class='ocrx_word' id='word_1_287' title='bbox 2858 5478 3027 5557; x_wconf 88' lang='lat' dir='ltr'><strong>tam</strong></span> <span class='ocrx_word' id='word_1_288' title='bbox 3086 5476 3435 5556; x_wconf 85' lang='lat' dir='ltr'><strong>vastum</strong></span> <span class='ocrx_word' id='word_1_289' title='bbox 3494 5478 3591 5558; x_wconf 90' lang='lat' dir='ltr'><strong>et</strong></span> <span class='ocrx_word' id='word_1_290' title='bbox 3644 5472 4087 5557; x_wconf 89' lang='lat' dir='ltr'><strong>immanem</strong></span> <span class='ocrx_word' id='word_1_291' title='bbox 4140 5466 4409 5555; x_wconf 87' lang='lat' dir='ltr'><strong>labo-</strong></span> 
     </span>
    </p>
   </div>
   <div class='ocr_carea' id='block_1_4' title="bbox 3503 5658 3543 5725">
    <p class='ocr_par' dir='ltr' id='par_1_5' title="bbox 3503 5658 3543 5725">
     <span class='ocr_line' id='line_1_32' title="bbox 3503 5658 3543 5725; baseline 0 0"><span class='ocrx_word' id='word_1_292' title='bbox 3503 5658 3543 5725; x_wconf 87' lang='grc'><strong>3</strong></span> 
     </span>
    </p>
   </div>
   <div class='ocr_carea' id='block_1_5' title="bbox 4611 5809 4746 5823">
    <p class='ocr_par' dir='ltr' id='par_1_6' title="bbox 4611 5809 4746 5823">
     <span class='ocr_line' id='line_1_33' title="bbox 4611 5809 4746 5823; baseline 0.007 -1"><span class='ocrx_word' id='word_1_293' title='bbox 4611 5809 4746 5823; x_wconf 50' lang='grc' dir='ltr'><strong>-μ</strong></span> 
     </span>
    </p>
   </div>
  </div>
 </body>
</html>
