4875 6109
2408 612 2539 699 13

519 860 1352 977 configurationem
1415 857 1682 973 plane
1743 883 1862 946 ex
1921 856 2282 948 formali
2340 860 2952 976 explicatione
3029 885 3569 977 organorum
3652 860 4095 976 pendere,
4179 890 4439 978 quum

536 1021 784 1108 tales
845 1020 1423 1107 enormitates
1481 1017 2118 1131 demonstrent,
2178 1020 2494 1108 solium
2558 1020 2934 1108 animale
2991 1019 3081 1105 in
3144 1020 3767 1139 singularibus
3825 1023 4019 1110 suis
4070 1028 4440 1143 organis

543 1180 1089 1269 evolvendis
1165 1180 1728 1268 variationes
1805 1178 2179 1268 efficere
2258 1209 2576 1297 posse,
2653 1208 2885 1295 quae
2958 1180 3313 1300 regulis
3371 1182 3958 1297 explicativis
4015 1213 4440 1303 generum

539 1342 1040 1432 animalium
1119 1342 1491 1429 maxime
1569 1340 2272 1456 discrepantium
2343 1342 2685 1428 similes
2763 1340 2995 1452 sint,
3070 1340 3462 1455 ideoque
3542 1344 3802 1430 etiam
3882 1347 4442 1437 variationes

531 1506 631 1590 in
711 1502 1375 1591 distribuendis
1451 1502 1823 1590 arteriis
1898 1500 2315 1615 efficere,
2408 1529 2642 1616 quae
2719 1501 2932 1589 huic
3025 1502 3169 1587 illi
3256 1503 3746 1590 bestiarum
3837 1508 4175 1621 speciei
4268 1537 4437 1596 ex-

537 1665 877 1753 sistunt
973 1666 1446 1784 analogae.
1593 1662 1877 1750 Tales
1966 1663 2256 1781 igitur
2327 1663 2765 1750 hominum
2851 1672 2946 1749 et
3035 1662 3534 1749 animalium
3626 1665 4259 1757 similitudines
4347 1672 4440 1758 in

546 1826 1207 1914 distribuendis
1284 1824 1628 1944 magnis
1704 1824 2240 1911 arteriarum
2304 1824 2753 1940 stirpibus
2812 1824 2941 1908 nil
3001 1822 3175 1909 nisi
3235 1826 3747 1939 apertiores
3807 1828 4442 1920 similitudines

534 1990 628 2075 in
704 1987 1064 2075 formali
1141 1986 1666 2076 evolutione
1737 1984 1942 2070 folii
2023 1984 2322 2072 setosi
2403 1994 2659 2072 certo
2733 1986 3043 2101 aliquo
3137 1994 3539 2101 tempore
3633 1986 4105 2078 habendae
4198 2004 4434 2080 sunt.

537 2151 746 2238 Hae
807 2158 1096 2238 autem
1157 2148 1488 2234 nullam
1549 2146 2175 2233 difficultatem
2230 2155 2586 2262 parant,
2644 2174 2904 2261 quum
2967 2146 3196 2234 satis
3256 2156 3610 2236 constet
3666 2148 3980 2238 folium
4038 2180 4439 2241 serosum

551 2313 1062 2431 singularia
1141 2309 1514 2397 vivendi
1595 2336 1941 2427 organa
2018 2307 2256 2424 apud
2336 2335 2638 2396 omnes
2716 2307 3213 2396 animalium
3286 2310 4007 2399 ventebratorum
4084 2316 4439 2430 species

539 2474 819 2561 valde
877 2471 1144 2560 simili
1207 2471 1467 2559 modo
1523 2470 1945 2559 formare.
4252 2458 4265 2471 ”

827 2633 1251 2724 Ceterum
1312 2634 2038 2722 commutationes
2116 2633 2555 2720 dexterae
2615 2640 2710 2720 et
2790 2631 3223 2721 sinistrae
3284 2632 3623 2749 partis,
3701 2661 3934 2748 quae
4006 2636 4103 2722 in
4156 2639 4435 2728 corde

532 2796 759 2885 licet
835 2823 1052 2884 raro
1132 2797 1767 2907 inveniuntur,
1849 2795 2296 2911 explicari
2375 2794 2631 2881 nullo
2708 2793 2968 2881 modo
3066 2803 3494 2910 possunt,
3590 2795 4078 2913 praecipue
4175 2829 4437 2915 quum

535 2958 1009 3078 regularis
1069 2955 1379 3044 cordis
1434 2957 1965 3069 collocatio,
2043 2964 2146 3042 ut
2203 2981 2483 3072 supra
2543 2956 2710 3044 iam
2772 2958 3261 3043 monuimus
3316 2984 3490 3042 non
3552 2956 3740 3044 alia
3796 2960 4154 3048 ratione
4215 2990 4437 3049 con-

536 3119 935 3208 siderari
1035 3120 1331 3235 possit
1401 3118 1580 3205 nisi
1663 3118 1991 3207 factum
2085 3116 2849 3236 morphologicum
2940 3143 3231 3230 neque
3312 3116 3505 3204 ulla
3593 3118 3949 3207 ratione
4048 3122 4437 3213 directio

537 3295 854 3373 aortae
918 3282 1036 3371 ad
1095 3281 1558 3369 sinistrum
1617 3282 1860 3368 latus
1919 3278 2315 3397 intelligi
2376 3280 2698 3394 possit.
2818 3278 3007 3365 Sed
3068 3306 3330 3392 quum
3390 3304 3718 3366 causae
3766 3283 4034 3396 plane
4065 3283 4434 3402 ignotae

539 3446 770 3555 sint,
847 3472 1080 3561 quae
1160 3444 1648 3562 originitus
1707 3442 2388 3530 collocationem
2451 3439 2763 3527 cordis
2822 3448 2916 3526 ct
2968 3440 3549 3528 directionem
3614 3468 3885 3530 arcus
3944 3454 4261 3533 aortae
4320 3449 4437 3535 ad

539 3607 994 3694 sinistram
1075 3616 1410 3720 partem
1474 3606 2080 3716 constituunt,
2155 3602 2505 3693 maximi
2565 3630 2791 3690 vero
2866 3603 3273 3689 momenti
3344 3603 3528 3689 sint
3583 3604 3757 3690 hae
3816 3604 4050 3693 duae
4107 3634 4261 3717 res
4320 3610 4435 3697 ad

537 3767 904 3855 formam
991 3768 1516 3875 systematis
1604 3765 2231 3854 circulationis
2315 3765 3049 3881 componendam,
3129 3764 3302 3851 hac
3376 3792 3493 3852 ex
3566 3791 3672 3852 re
3749 3766 3840 3852 in
3922 3768 4435 3859 universum

535 3930 890 4046 quidem
950 3927 1344 4047 intelligi
1406 3936 1738 4045 potest,
1796 3928 2006 4016 fleri
2065 3954 2366 4045 posse,
2442 3935 2541 4014 ut
2603 3954 2877 4015 causa
2939 3928 3106 4014 illa
3162 3954 3426 4041 quae,
3484 3928 3706 4015 licet
3762 3929 4225 4049 incognita
4284 3933 4436 4046 sit,

535 4091 858 4179 adesse
915 4099 1206 4179 tamen
1266 4090 1587 4204 debet,
1661 4118 1717 4179 a
1789 4091 1997 4179 loco
2077 4117 2245 4177 suo
2319 4098 2560 4178 mota
2621 4090 2885 4176 etiam
2944 4089 3628 4178 collocationem
3688 4093 4057 4178 omnium
4127 4094 4437 4183 cordis

532 4254 960 4369 partium,
1033 4280 1306 4341 arcus
1376 4262 1695 4341 aortae
1773 4253 2330 4368 omniumque
2407 4280 2920 4372 magnorum
2977 4278 3399 4339 vasorum
3459 4253 3551 4338 in
3606 4252 3725 4338 iis
3783 4252 4432 4374 inhaerentium

532 4416 802 4531 plane
881 4425 1401 4529 convertat,
1483 4416 1577 4502 id
1673 4417 1918 4532 quod
2000 4415 2405 4531 quamvis
2474 4415 2937 4505 rarissime
2996 4440 3327 4503 revera
3384 4414 3875 4502 invenitur.
3998 4415 4435 4532 Exempla

530 4588 823 4667 autem
883 4587 1284 4691 exstare,
1343 4579 1678 4694 quibus
1733 4587 1990 4669 recta
2031 4577 2341 4667 cordis
2376 4577 2867 4666 collocatio
2911 4576 3173 4664 simul
3213 4604 3402 4664 cum
3441 4602 3889 4664 conversa
3929 4576 4432 4667 directione

531 4767 800 4830 arcus
872 4748 1190 4828 aortae
1271 4741 1390 4830 ad
1474 4741 1936 4830 dexteram
2013 4750 2351 4857 partem
2446 4767 2618 4856 pro
2706 4739 3083 4827 sinistra
3178 4738 3641 4826 invenitur
3671 4805 3700 4853 ,
3792 4740 4019 4827 satis
4104 4742 4432 4856 probat

531 4902 1117 4991 directionem
1191 4903 1574 5019 partium
1647 4903 1956 4992 cordis
2030 4911 2124 4991 et
2201 4930 2475 4991 arcus
2547 4910 2867 4990 aortae
2943 4928 3115 4989 non
3195 4928 3314 4988 ex
3372 4926 3550 4988 una
3608 4900 4094 5018 eademque
4157 4929 4432 4992 causa

528 5064 691 5152 sed
753 5092 872 5152 ex
929 5062 1331 5153 diversis
1389 5066 1694 5154 causis
1755 5065 2178 5182 pendere.

812 5226 1005 5341 Ea,
1089 5254 1347 5344 quam
1421 5235 1876 5342 postremo
1954 5226 2547 5315 indicavimus
2645 5226 3273 5316 circulationis
3349 5225 3749 5314 variatio
3844 5235 4097 5313 certo
4190 5224 4433 5313 inter

527 5414 826 5478 omnes
901 5390 1272 5479 maxime
1365 5388 1762 5479 delectat
1840 5390 2002 5479 sed
2079 5388 2340 5477 etiam
2412 5388 2880 5479 rarissimo
2968 5387 3456 5477 invenitur.
3591 5388 4138 5477 Tiedemann
4219 5386 4431 5502 qui-

3508 5581 3553 5646 4
