4875 6109
2407 639 2475 725 3

499 884 836 975 dantur
911 894 1008 973 et
1095 912 1474 1001 prorsus
1545 887 2091 975 coalescant.
2249 887 2508 995 Quae
2602 885 3025 975 confusio
3076 912 3281 971 non
3373 888 3660 975 minus
3750 888 3995 975 inter
4086 896 4399 1003 partes

499 1048 712 1137 folii
784 1049 1248 1137 vasculosi
1323 1058 1418 1136 ct
1495 1073 1844 1167 organa
1900 1049 2108 1137 folii
2170 1050 2725 1169 vegetativi‚
2786 1074 3019 1163 quae
3076 1056 3527 1163 postremo
3595 1050 4183 1161 excoluntur,
4261 1052 4399 1161 fit,

501 1238 758 1327 quam
831 1214 1074 1299 inter
1148 1211 1461 1299 folium
1541 1213 2114 1302 vasculosom
2169 1220 2262 1299 et
2320 1237 2669 1331 organa
2722 1210 2937 1297 folii
2994 1210 3451 1323 animalis,
3536 1238 3771 1325 quae
3842 1221 4051 1299 ante
4111 1214 4401 1302 omnia

499 1380 808 1462 cetera
867 1374 1472 1489 explicantur.

780 1536 936 1622 Ex
999 1536 1260 1623 hisce
1338 1536 1672 1655 igitur,
1753 1563 1983 1651 quas
2055 1538 2354 1625 statim
2442 1534 2942 1653 proferam,
3005 1537 3312 1625 causis
3376 1547 3994 1653 permanentes
4051 1538 4399 1627 formae

501 1698 1130 1787 circulationis
1204 1699 1674 1817 sanguinis
1753 1699 2339 1787 deducendae
2411 1708 2727 1812 erunt,
2806 1725 3039 1814 quae
3112 1700 3204 1785 in
3263 1698 3498 1788 folio
3557 1701 4051 1789 vasculoso
4113 1701 4399 1816 primo

501 1862 1112 1978 componitur:

790 2026 858 2111 Ι.
978 2026 1368 2113 Primum
1444 2025 1619 2113 hoc
1694 2024 1904 2112 loco
1985 2026 2464 2113 notandum
2523 2033 2714 2136 est,
2777 2022 3022 2139 quod
3081 2050 3575 2140 processus
3632 2024 4247 2140 explicativus
4303 2033 4401 2114 et

497 2188 1068 2300 formatiqu
1129 2188 1286 2303 qui
1347 2188 1438 2274 in
1497 2186 1732 2274 solio
1781 2189 2273 2276 vasculoso
2332 2190 2470 2300 fit,
2535 2188 2651 2275 ab
2708 2187 2971 2273 initio
3030 2187 3147 2273 ad
3208 2194 3544 2274 certum
3604 2186 3903 2302 polum
3960 2186 4399 2298 refertur,

497 2379 733 2467 quae
793 2352 1366 2466 polarisatio‚
1427 2359 1528 2437 nt
1585 2351 1716 2437 ita
1775 2349 2087 2461 dicam,
2147 2350 2435 2466 primo
2495 2349 3088 2466 centrifugali
3140 2355 3234 2436 et
3272 2350 3845 2464 centripetali
3896 2350 4399 2468 agitatione

501 2514 1132 2629 punctisimilis
1189 2512 1504 2601 cordis
1576 2514 1928 2631 agitur,
2008 2512 2250 2628 qnod
2335 2537 2498 2601 cor
2576 2512 3032 2631 originale
3108 2514 3627 2629 sanguinem
3689 2539 3744 2598 a
3804 2540 3907 2599 se
3965 2522 4399 2628 tamquam

497 2686 814 2765 centro
888 2704 1056 2793 per
1129 2676 1445 2764 folium
1516 2676 2093 2764 vasculosum
2171 2676 2462 2764 medio
2542 2675 2787 2763 inter
2862 2676 3288 2790 primaria
3380 2675 3561 2762 duo
3645 2676 4074 2792 germinis
4164 2674 4398 2762 folia

499 2840 1024 2941 transmittit
1086 2849 1361 2954 atque
1435 2838 1606 2926 toti
1665 2837 1993 2925 vitello
2069 2846 2230 2924 aut
2287 2837 2489 2925 toti.
2520 2838 2675 2925 ovi
2737 2836 3322 2953 peripheriac
3380 2837 4047 2949 circumfundit,
4109 2837 4237 2925 ita
4298 2846 4399 2924 ut

498 3030 668 3120 per
723 3001 1436 3092 vicissitudinem
1509 3000 1834 3087 virium
1909 3000 2614 3088 mollecularium
2690 3000 3163 3116 sanguinis
3232 3008 3325 3087 et
3387 3000 3623 3089 uteri
3687 3000 4072 3115 parietis
4130 3006 4397 3088 extra

501 3167 960 3283 proprium
1020 3164 1580 3272 embryonem
1629 3162 2250 3257 formationem
2311 3162 2784 3278 placentae
2844 3160 3189 3249 excitet
3246 3171 3520 3276 atque
3576 3161 3950 3271 efficiat.

777 3329 903 3415 11.
1021 3326 1380 3415 Deinde
1458 3326 1634 3411 huc
1713 3319 2068 3441 spectat
2160 3350 2701 3443 organorum
2782 3326 3301 3433 embryonis
3378 3323 3847 3435 efficacia,
3939 3351 4215 3439 quae,
4294 3334 4397 3413 ut

495 3519 777 3609 supra
817 3492 1002 3579 'iam
1064 3490 1550 3577 monuimus
1607 3498 1779 3599 est,
1841 3488 2240 3603 duplicis
2299 3488 2686 3589 rationis
2746 3497 2916 3575 est.

771 3681 855 3741 0.
914 3653 1303 3741 Primum
1365 3652 1590 3739 enim
1649 3676 1998 3767 organa
2055 3650 2574 3757 embryonis
2638 3650 3099 3766 paullatim
3155 3651 3617 3766 explicata
3675 3649 3957 3738 certis
4033 3648 4394 3736 viribus

849 3864 852 3871 ·
913 3814 1650 3902 mollecularibns
1709 3822 1972 3928 aptas
2031 3814 2501 3931 sanguinis
2562 3815 2875 3929 copias
2936 3814 3139 3899 sive
3200 3815 3507 3929 potius
3564 3813 4125 3929 propinquas
4183 3810 4392 3898 folii

909 3977 1374 4065 vasculosi
1433 3984 1742 4091 partes
1801 4002 1990 4061 cum
2051 3976 2494 4093 sanguine
2554 3976 2648 4061 in
2706 3976 2823 4063 iis
2883 3986 3309 4065 contento
3370 3977 3487 4065 ad
3557 4004 3661 4063 se
3717 3975 4193 4062 attrahunt
4243 3982 4393 4060 at-

911 4166 1088 4255 que
1151 4137 1478 4225 deinde
1539 4139 1709 4226 has
1767 4136 1974 4225 folii
2036 4137 2507 4226 vasculosi
2570 4145 2927 4253 partes,
3011 4138 3535 4253 quibuscum
3593 4140 3759 4228 iam
3823 4137 4391 4248 coaluerunt,

907 4301 1432 4390 laciniarum
1513 4300 1808 4389 instar
1887 4300 2473 4416 protrahunt,
2542 4300 2696 4387 ubi
2774 4300 3200 4416 primaria
3281 4301 3772 4389 collocatio
3847 4325 4387 4418 organorum

909 4459 1192 4583 magis
1254 4463 1716 4581 magisque
1773 4464 2336 4551 excultorum
2401 4472 3012 4550 commutatur.
3082 4512 3183 4529 —-

1186 4626 1387 4731 Qua
1425 4653 1526 4714 re
1565 4627 2037 4745 sanguinis
2079 4625 2317 4735 viae,
2371 4652 2605 4740 quae
2668 4652 2967 4712 omnes
3027 4626 3311 4741 primo
3369 4627 3631 4715 velut
3690 4626 3931 4714 radii
3990 4652 4047 4711 a
4104 4623 4387 4713 corde

907 4787 1384 4901 profectae
1441 4799 1680 4900 sunt,
1755 4816 1874 4877 ex
1935 4798 2198 4905 parte
2273 4788 2627 4903 quidem
2689 4786 3382 4904 distorquentur
3440 4790 3859 4905 aliaeque
3917 4787 4386 4907 sanguinis

895 4950 1116 5039 viae
1176 4960 1823 5065 provocantur,
1885 4977 2118 5065 quae
2185 4950 2555 5037 maxime
2612 4951 2987 5039 lacunas
3046 4960 3141 5039 et
3200 4952 3611 5064 canales,
3672 4951 3827 5065 qui
3890 4951 4131 5039 inter
4188 4949 4383 5038 sin-

883 5112 1122 5228 gula
1182 5138 1528 5230 organa
1586 5112 1851 5201 vacui
1911 5122 2453 5223 manserunt,
2510 5121 3043 5227 sequuntur.

693 5254 779 5342 b·
891 5271 1292 5362 Omissis
1368 5284 1662 5363 autem
1742 5275 1888 5362 his
1968 5274 2722 5387 distortionibuS‚
2782 5276 3118 5391 quibus
3176 5274 3493 5363 folium
3551 5278 4125 5365 vasculosum
4185 5274 4389 5389 pri·-

879 5436 1168 5525 mitus
1253 5437 1524 5553 plane
1607 5464 2146 5554 expansum,
2220 5464 2491 5554 quum
2562 5439 2981 5557 singulae
3058 5439 3264 5526 eius
3340 5448 3651 5556 partes
3726 5467 3919 5526 cnm
4006 5436 4391 5559 organis
