4875 6109
2484 677 2549 763 5

539 920 816 1041 longe
885 924 1164 1017 aliter
1239 924 1674 1019 definitur
1750 955 2006 1042 quam
2103 964 2269 1053 per
2357 939 2894 1028 arteriarum
2972 936 3071 1020 et
3148 956 3577 1019 venaru-
3654 930 4105 1046 parietes,
4182 932 4429 1049 quod

539 1084 1016 1177 discrimen
1091 1092 1338 1209 apud
1413 1092 1798 1209 plurima
1869 1123 2218 1217 organa
2287 1099 2384 1186 in
2460 1126 2575 1189 eo
2649 1096 3115 1208 consistit,
3195 1094 3441 1211 quod
3515 1120 3806 1183 venae
3880 1104 3981 1185 et
4033 1096 4434 1186 arteriae

539 1274 923 1364 prorsus
969 1253 1328 1345 solidae
1361 1257 1548 1345 sint
1599 1276 1890 1375 neque
1952 1262 2385 1376 plasmata
2448 1288 2615 1379 per
2674 1262 3074 1377 parietes
3124 1255 3591 1369 ‘exsudare
3654 1268 4077 1373 possunt,
4138 1260 4433 1375 capil-

539 1408 774 1503 laria
834 1437 1066 1505 vero
1122 1444 1347 1509 vasa
1397 1420 1866 1536 plasmatis
1921 1432 2131 1511 sunt
2191 1425 2598 1540 perviae.

821 1578 1296 1669 Intuentes
1346 1591 1642 1671 autem
1699 1594 1956 1673 certo
2017 1586 2398 1703 quodam
2458 1597 2861 1702 tempore
2916 1584 3100 1673 tria
3156 1583 3587 1702 germinis
3626 1582 3861 1674 folia
3898 1612 4089 1673 cum
4148 1588 4433 1675 onni-

539 1738 714 1827 hus
769 1740 984 1849 {suis
1065 1743 1442 1865 oeganis
1516 1747 1780 1834 trium
1857 1749 2318 1863 planarum
2399 1739 3090 1837 membranarum
3170 1746 3559 1863 speciem
3632 1749 4119 1864 praebere,
4202 1774 4434 1865 quae

537 1902 862 1993 ordine
925 1905 1115 1995 alia
1164 1934 1448 2025 super
1505 1908 1766 1996 aliam
1825 1909 2358 2001 incurvatae
2415 1920 2657 2024 sunt,
2712 1910 2997 1998 facile
3050 1910 3644 2029 intelligimus
3680 1911 4045 2031 singula
4090 1938 4435 2031 organa

535 2062 748 2155 folii
808 2070 1218 2159 animalis
1273 2080 1370 2159 et
1421 2073 1930 2191 vegetatiri
1989 2099 2182 2162 cum
2245 2074 2364 2161 iis
2420 2073 2657 2161 locis
2712 2072 2921 2159 folii
2976 2072 3477 2183 vasculosi,
3536 2098 3771 2187 quos
3812 2074 4094 2188 primo
4152 2075 4435 2162 attin-

539 2243 793 2350 gunt,
873 2234 1303 2353 coniungi
1373 2244 1467 2323 et
1526 2236 1785 2350 quasi
1866 2235 2444 2325 ferruminati
2522 2262 2824 2351 posse.
2944 2233 3093 2321 Ad
3164 2234 3394 2321 illud
3457 2244 3748 2323 autem
3806 2236 4435 2351 respicientes,

537 2399 786 2514 quod
861 2422 1211 2517 organa
1279 2398 1692 2517 singula,
1763 2425 2004 2513 quae
2080 2398 2491 2514 primitus
2570 2397 2661 2483 in
2738 2422 2915 2485 una
3018 2396 3397 2512 planitie
3466 2397 3689 2486 licet
3744 2409 4127 2486 curvata
4180 2399 4435 2486 aliud

541 2571 915 2679 praeter
965 2560 1224 2649 aliud
1281 2570 1574 2651 strata
1633 2571 1898 2672 sunt,
1961 2560 2463 2649 crescendo
2522 2559 2729 2649 fere
2792 2560 3083 2648 omnia
3140 2560 3383 2648 inter
3433 2586 3645 2648 sese
3702 2568 3797 2649 et
3852 2560 4439 2649 immittuntur

537 2736 640 2815 et
695 2732 1310 2837 removentur,
1382 2724 1560 2812 hoc
1629 2736 1994 2840 quoque
2067 2722 2744 2843 cognoscimus,
2844 2748 3191 2843 organa
3241 2722 3419 2811 hoc
3478 2721 3737 2811 modo
3796 2748 3986 2811 cum
4042 2723 4439 2843 singulis
4592 2794 4601 2803 .

539 2889 752 2979 folii
805 2886 1277 2977 vasculosi
1349 2886 1588 2976 locis
1661 2885 2255 2975 fei-ruminata
2328 2884 2569 2973 tales
2645 2892 2959 3001 partes
3014 2885 3224 2972 folii
3283 2885 3751 2975 vasculosi
3808 2892 3969 2973 aut
4023 2884 4439 3003 singulas

539 3050 1016 3171 sanguinis
1065 3050 1275 3139 vias
1328 3049 1592 3137 velut
1649 3048 2034 3137 lacinias
2091 3046 2210 3136 ad
2269 3072 2380 3135 ea
2435 3046 2651 3135 loca
2703 3074 3003 3141 secum
3058 3046 3435 3153 trahere
3491 3072 3815 3163 posse,
3894 3048 4047 3137 ubi
4115 3059 4441 3165 postea

539 3222 740 3305 toto
795 3213 1314 3335 organismo
1367 3210 1834 3329 perfecto,
1903 3238 2257 3327 semper
2326 3208 2679 3300 sedent.
2806 3211 3105 3327 lpsum
3164 3217 3457 3299 autem
3514 3208 3829 3313 folium
3864 3214 4437 3305 vasculosum

539 3406 659 3469 ue
733 3378 1163 3466 minimum
1235 3374 1594 3493 quidem
1664 3374 2020 3463 resistit
2041 3436 2069 3487 ,
2143 3372 2362 3489 quin
2452 3371 2879 3492 singulae
2937 3397 3165 3461 suae
3215 3378 3533 3489 partes
3588 3370 3720 3459 ita
3779 3371 4438 3494 distrahantur,

541 3568 806 3659 quum
867 3539 1098 3629 omui
1155 3536 1420 3633 modo
1477 3536 1848 3627 extendi
1903 3537 2228 3653 possit.
2347 3536 2553 3623 Hac
2610 3533 2971 3626 ratione
3045 3533 3293 3623 haud
3368 3558 3663 3650 pauca
3736 3558 4131 3652 organa,
4170 3564 4439 3655 quae

541 3703 993 3823 principio
1049 3700 1456 3791 fortasse
1511 3701 1920 3817 proxime
1978 3698 2096 3788 ad
2158 3725 2458 3787 arcum
2517 3706 2837 3787 aortae
2894 3696 3353 3785 collocata
3390 3704 3607 3784 sunt
3642 3696 3917 3816 longe
3958 3724 4435 3790 removen-

539 3876 696 3957 tur
769 3875 864 3955 et
936 3892 1262 3953 ramum
1339 3861 1552 3950 folii
1623 3862 2089 3950 vasculosi
2149 3889 2447 3949 secum
2502 3860 3179 3949 ferruminatum
3235 3858 3513 3976 longe
3570 3858 4139 3951 abstrahunt.
4258 3864 4439 3952 Ubi

541 4039 833 4120 autem
896 4028 1135 4115 inter
1201 4052 1594 4143 organa,
1653 4052 1889 4141 quae
1948 4023 2360 4111 laciniam
2419 4023 2628 4111 folii
2683 4020 3153 4111 vasculosi
3230 4020 3399 4107 iam
3474 4028 4101 4135 attraxerunt,
4175 4024 4439 4114 etiam

542 4194 730 4283 alia
785 4218 1025 4279 nova
1085 4217 1429 4309 organa
1490 4186 2196 4306 progerminant,
2256 4185 2483 4273 haec
2544 4184 3156 4273 coalescentia
3216 4210 3404 4271 cum
3460 4182 3871 4299 proxima
3911 4186 4442 4305 primigenia

542 4356 751 4445 folii
808 4352 1272 4443 vasculosi
1333 4351 1673 4439 lacinia
1729 4351 1930 4437 sive
1989 4375 2232 4435 ramo
2293 4350 2557 4435 etiam
2622 4373 2914 4435 novos
2967 4344 3179 4434 folii
3238 4346 3699 4434 vasculosi
3756 4372 4051 4435 ramos
4110 4376 4440 4437 secun-

539 4518 858 4607 darios
917 4514 1466 4632 protrahere
1519 4520 1932 4629 possunt.

827 4678 1030 4767 Hac
1085 4676 1448 4767 ratione
1503 4677 1734 4765 satis
1792 4683 2203 4791 apparet,
2265 4673 2421 4789 qui
2482 4672 2679 4785 fiat,
2736 4681 2841 4761 ut
2896 4671 3163 4761 etiam
3222 4669 3737 4788 organismo
3792 4672 4078 4791 magis
4133 4674 4441 4790 expli.-

537 4850 754 4931 cato
824 4839 1144 4929 folium
1217 4838 1788 4929 vasculosum
1863 4838 1956 4924 in
2039 4846 2364 4925 trunco
2437 4836 2681 4923 inter
2754 4834 3313 4953 peritoneum
3388 4841 3481 4922 et
3556 4831 3910 4922 ventris
4012 4835 4443 4949 parietem

534 5004 1128 5095 musculosam
1159 5010 1266 5091 ut
1299 5003 1796 5091 membrana
1833 5000 1925 5086 in
1963 4999 2332 5087 fistulae
2367 4998 2753 5114 speciem
2792 4996 3107 5087 clausa
3163 5003 3477 5112 (qnam
3512 5002 3849 5085 vocant
3886 4997 4439 5112 peritoneum

539 5174 1036 5277 externum,
1095 5164 2062 5284 Langenbeckianum)
2140 5168 2611 5271 occurrat,
2690 5170 2953 5274 quae.
3000 5166 3289 5249 tamen
3364 5156 3766 5247 foliacea
3822 5158 3941 5247 ab
3998 5158 4433 5247 intestino

539 5330 638 5419 in
699 5328 1319 5418 mescnterium
1399 5328 1802 5415 trahitur
1874 5334 1970 5415 et
2045 5350 2214 5440 per
2271 5322 2647 5413 femoris
2703 5323 3099 5412 canalem
3158 5319 3802 5411 arborisimilis
3839 5320 3957 5408 ad
3996 5328 4445 5410 extremas

549 5490 1128 5583 membrorum
1189 5496 1510 5607 partes
1565 5487 2097 5597 deducitur,
2179 5486 2338 5577 ubi
2412 5484 2743 5603 vagina
2821 5509 3239 5571 vasorum
3297 5490 3709 5593 vocatur,
3766 5480 4097 5569 deinde
4154 5488 4441 5571 autem

3550 5672 3591 5735 2
