4875 6109
2419 666 2481 751 ‘7

511 912 1256 1001 intercostalibus
1313 911 2001 1025 zonisimilibuS,
2061 924 2155 1002 et
2212 925 2533 1003 aortae
2591 917 2844 1005 vasis
2902 916 3261 1005 duobus
3309 918 3947 1007 bilateralibus
3981 920 4407 1037 superio-

509 1074 680 1162 bus
738 1082 1012 1190 atque
1067 1076 1426 1163 duobus
1488 1076 1964 1192 parallelis
2027 1077 2650 1190 inferioribus,
2705 1103 2939 1194 quae
3008 1080 3487 1168 secundum
3535 1082 4039 1171 velamenta
4078 1082 4411 1199 capitis

507 1246 604 1325 et
677 1237 977 1325 trunci
1053 1236 1173 1325 ad
1247 1239 1786 1361 anteriorem
1864 1239 2284 1355 corpori·
2360 1250 2700 1357 partem
2774 1242 3413 1357 incurvantur,
3476 1243 3993 1332 mammariis
4052 1245 4411 1335 scilicet

503 1398 1300 1489 etumbilicalibus
1339 1398 1513 1509 (ad
1555 1401 2056 1488 umbilicum
2092 1425 2403 1517 nempe
2457 1404 3074 1521 propagatis).
3167 1404 3453 1509 Quum
3511 1414 3802 1493 autem
3866 1406 4093 1495 illae
4148 1416 4405 1497 arte-

505 1562 702 1653 riae
739 1562 952 1649 folii
989 1563 1455 1651 vasculosi
1509 1589 1699 1650 cum
1763 1562 2298 1679 propinquis
2355 1565 2733 1683 organis
2790 1566 2963 1653 illo
3016 1574 3449 1682 tempore,
3509 1594 3691 1682 quo
3754 1569 4119 1684 primum
4181 1569 4407 1659 haec

505 1752 698 1815 cum
756 1723 989 1812 folio
1029 1723 1518 1813 vasculoso
1565 1724 1979 1813 connecti
2029 1724 2501 1843 incipiunt,
2561 1754 2729 1843 per
2761 1729 3239 1845 capillaria
3279 1755 3506 1818 vasa
3542 1732 3968 1848 coniungi
4008 1732 4407 1847 possint-2

501 1886 688 1979 duo
746 1886 1230 2004 superiora
1301 1912 1528 1975 vasa
1601 1886 2308 2005 longitudinalia
2401 1890 3098 2004 (mammutius),
3173 1890 3388 2007 quia
3444 1892 3537 1979 in
3598 1892 4007 1980 omnibns
4064 1893 4405 1983 anima-

501 2053 750 2141 libus
818 2050 1414 2138 mammalibus
1469 2076 1817 2167 organa
1879 2051 2364 2139 velamenti
2423 2052 2757 2168 capitis
2813 2054 3210 2141 celerius
3269 2054 3876 2172 explicantur,
3938 2080 4143 2144 mox
4196 2056 4407 2144 viae

503 2242 925 2305 vasorum
1001 2214 1245 2301 inter
1323 2238 1484 2301 cor
1561 2222 1656 2300 et
1724 2238 2036 2301 venam
2119 2214 2661 2303 terminalem
2722 2242 2931 2303 esse
3006 2203 3434 2304 desinunt
3504 2240 3615 2305 eo
3693 2226 4145 2335 tempore,
4219 2246 4406 2334 quo

503 2408 694 2469 cum
786 2376 1164 2497 organis
1255 2375 1738 2467 velamenti
1830 2376 2163 2493 capitis
2255 2377 2812 2466 coalescunt.
2946 2376 3409 2469 Inferiora
3496 2400 3729 2468 vero
3826 2380 4406 2492 umbilicalia,

505 2543 796 2631 donec
903 2541 1320 2658 placenta
1399 2538 1887 2650 formetur,
1966 2538 2170 2628 fere
2247 2540 2534 2627 solum
2632 2567 2742 2628 ea
2814 2540 3173 2630 ratione
3254 2568 3545 2657 eaque
3620 2544 3719 2630 vi
3796 2544 4404 2661 explicantur,

507 2734 763 2824 quam
836 2704 954 2792 ab
1024 2703 1384 2821 origine
1443 2709 1990 2817 acceperunt
2069 2710 2164 2790 et
2218 2702 2611 2791 minores
2671 2711 3009 2791 tantum
3080 2729 3377 2794 ramos
3437 2706 3974 2823 propinquis
4031 2706 4406 2825 organis

502 2870 1040 2960 attribuunt.
1109 2912 1210 2929 -—
1277 2862 1615 2952 Eodem
1677 2863 1936 2952 modo
1995 2890 2296 2953 omnes
2353 2865 2792 2953 laterales
2851 2868 3401 2956 zonisimiles
3436 2869 3657 2957 rami
3714 2878 4062 2982 nortae,
4108 2869 4403 2957 inter-

497 3030 906 3122 ·cost-ales
979 3026 1384 3139 scilicet,
1464 3026 1888 3142 capillati
1965 3027 2601 3116 coniunctione
2688 3055 2881 3115 cum
2957 3031 3497 3147 propinquis
3556 3032 3931 3150 organis
3988 3030 4403 3149 perfecta

505 3223 710 3285 mox
765 3194 936 3281 iam
993 3190 1446 3279 tolluntur
1503 3189 1816 3304 itaque
1873 3188 2380 3306 primariam
2435 3216 2681 3279 suam
2743 3189 2951 3305 vim,
3010 3218 3131 3279 cx
3193 3217 3370 3307 qua
3430 3160 4121 3282 circulationem
4162 3193 4405 3282 inter

505 3384 670 3449 cor
727 3345 822 3446 et
875 3356 1034 3443 ovi
1090 3353 1596 3441 velamenta
1653 3350 2206 3466 efficiebant,
2266 3354 2706 3441 amittunt.
2774 3402 2875 3417 --

790 3520 1078 3625 Quum
1139 3518 1364 3605 haec
1426 3540 1642 3634 pars
1701 3541 2243 3634 organorum
2322 3515 2567 3633 apud
2646 3518 2937 3605 omnia
2991 3520 3489 3633 mammalia
3547 3520 3818 3634 plane
3874 3517 4185 3606 eadem
4244 3544 4403 3607 ra-

494 3685 752 3772 tione
813 3689 1436 3797 componatur,
1509 3678 2017 3767 circulandi
2076 3704 2426 3797 organa
2482 3679 2870 3766 alterius
2928 3680 3328 3798 generiS,
3401 3681 3674 3797 quod,
3738 3691 3837 3768 ut
3896 3708 4177 3797 supra
4235 3682 4399 3769 iam

499 3844 1008 3965 attigimus,
1081 3840 1697 3959 circuitionem
1778 3842 2249 3959 sanguinis
2327 3842 2418 3928 in
2478 3842 2849 3929 art-eriis
2908 3843 3396 3954 carotidis,
3456 3844 4015 3953 subclaviae,
4076 3845 4402 3933 iliacae

497 4018 594 4097 et
669 4008 1116 4095 viscerum
1193 4004 1446 4091 vasis
1507 4005 2140 4121 complectitur
2227 4006 2321 4091 in
2395 4005 2689 4091 variis
2767 4004 3330 4093 mammalium
3408 4006 3864 4097 classibus
3938 4007 4403 4095 admodum

497 4170 762 4260 varie
818 4170 1349 4259 formantur.

783 4330 1098 4423 Corde
1156 4338 1252 4419 et
1310 4338 1628 4418 aortae
1685 4338 2232 4418 restrorsum
2269 4339 2362 4421 et
2395 4332 3017 4421 sinistrorsum
3045 4332 3553 4422 directione
3617 4334 3781 4421 iam
3828 4334 4046 4421 data
4104 4330 4399 4418 diffii-

499 4494 680 4583 cile
757 4521 935 4582 non
1009 4494 1192 4583 erit
1262 4491 1988 4581 distributionem
2047 4494 2616 4609 arteriarum,
2707 4495 3007 4611 qualis
3064 4506 3384 4611 postea
3440 4505 3887 4612 perpetuo
3946 4504 4235 4583 manet
4280 4522 4401 4582 ex

495 4657 1137 4747 vicissitudine
1195 4683 1712 4744 summarum
1778 4656 2136 4744 illarum
2197 4682 2663 4746 causarum
2725 4655 3235 4771 deducere,
3297 4685 3531 4774 quae
3592 4657 4235 4770 formationem,
4296 4666 4401 4742 ut

498 4846 779 4937 supra
857 4788 1294 4932 vidimus,
1373 4818 1962 4906 constituunt.
2082 4820 2381 4909 Varia
2456 4822 2682 4908 enim
2757 4821 3291 4908 distributio
3348 4821 3937 4930 arteriarum,
4012 4845 4247 4935 quae
4304 4820 4397 4904 in

494 4982 889 5099 singulis
947 4982 1504 5070 mammalium
1561 4982 2016 5070 classibus
2079 4982 2589 5094 invenitur,
2677 4984 3197 5073 necessario
3274 5010 3395 5070 ex
3454 4982 3721 5069 varia
3780 4982 4397 5098 explicatione

494 5143 708 5232 folii
765 5143 1174 5233 animalis
1225 5152 1687 5261 sequetur.

778 5306 1434 5395 Difficillimum
1517 5306 1926 5396 fortasse
1984 5306 2503 5421 videbitur,
2579 5310 3107 5428 intelligere
3163 5308 3319 5423 qui
3376 5308 3592 5419 fiat,
3652 5317 3753 5395 ut
3814 5306 4056 5423 apud
4106 5304 4399 5393 omnia

493 5469 972 5559 mammalia
1047 5470 1392 5559 carotis
1486 5478 1658 5558 tam
1753 5470 2036 5590 longe
2130 5480 2501 5587 praeter
2594 5472 3048 5589 regionem
3126 5471 3660 5559 subclaviae
3767 5468 4400 5585 praeterfluat,
